1526 2404
164 166 241 208 128
603 179 645 220 ρ.
673 179 859 208 nona-ru
883 181 1045 211 uacet

159 274 248 314 Aut
273 274 446 328 paulum
475 272 726 326 abstulerat,
753 276 912 329 patinas
941 277 1147 320 coenabat
1173 280 1304 320 omasi

158 327 264 369 Vilis
296 336 339 368 et
368 327 564 382 agninae,
589 328 724 367 tribus
751 330 858 369 ursis
888 330 1005 385 quod
1032 332 1130 372 satis
1159 342 1294 386 esset3
1427 333 1483 376 35

158 380 330 433 Scilicet·
355 389 404 420 ut
430 389 600 421 ventres
626 381 761 420 lamna
789 383 993 423 candente
1018 393 1222 438 nepotum

157 434 336 474 Diceret
362 434 570 485 urendos,
597 443 817 475 corrector
843 436 1024 477 Bestius.
1077 438 1202 478 Idem‘

157 487 380 584 guidquid
409 496 500 527 erat
526 496 671 528 nactus
698 489 883 542 praedae
912 490 1104 542 maioris,
1130 483 1206 531 ubi
1231 506 1358 533 omne

202 550 360 582 erterat
386 542 428 581 in
457 541 619 580 fumum
642 549 686 581 et
713 542 920 595 cinerem,
949 545 1043 584 Non
1068 544 1244 586 hercule
1270 547 1429 598 miror,

157 594 335 645 Aiebat,
363 595 398 634 si
425 594 498 650 qui
526 595 751 635 comedunt
778 596 909 647 bona,
969 612 1068 639 uum
1095 599 1149 638 sit
1175 598 1307 640 obeso
1428 604 1483 646 4ο

156 649 226 687 Nil
251 649 400 689 melius
428 647 580 698 turdo,
606 649 664 687 nil
691 649 815 689 vulva
840 651 940 703 pulc
973 650 1058 690 rius
1086 651 1234 705 ampla.

157 702 364 741 Nimirum
390 701 459 741 hic
485 714 565 755 ego
596 715 710 747 sum:
739 717 833 742 nam
860 711 951 742 tuta
980 712 1023 744 et
1048 705 1226 758 parvula
1250 705 1402 759 laudo,

159 755 303 812 Quum
329 769 398 795 res
428 753 649 806 deficiunt,
677 756 774 796 satis
802 759 911 796 inter
937 756 1035 797 vilia
1060 757 1207 809 fortis3
1382 756 1385 757 ⁷

156 810 343 859 Verum,
373 808 446 847 ubi
473 808 575 862 quid
602 809 750 848 melius
779 810 982 871 contingit
1013 818 1057 850 et
1083 811 1273 863 unctius,
1299 813 1414 855 idem

156 863 247 905 Vos
275 876 424 915 sapere
455 869 498 900 et
524 862 637 901 solos
667 862 732 902 aio
761 862 871 903 bene
899 877 1069 914 vlvere,
1098 879 1282 926 quorum
1426 867 1482 916 45

160 916 427 970 Conspicitur
451 914 591 955 nitidis
619 914 793 956 fundata
819 917 998 971 pecunia
1026 917 1147 958 vilhs.
1369 934 1371 936 ·

638 1086 851 1115 Erus-rona
878 1074 994 1119 XVI.

602 1158 683 1197 AD
713 1159 1034 1218 QUINQTIUM.

202 1246 354 1281 Videtur
373 1247 523 1292 epistola
539 1258 614 1280 esse
629 1248 867 1291 responsoria.
905 1249 1070 1281 Horatius
1088 1250 1193 1291 enim,
1218 1259 1324 1293 quem
1341 1249 1478 1292 Quinc-

156 1294 224 1327 tius
249 1294 426 1337 Hirpinus,
451 1299 490 1324 ut
507 1303 525 1324 e
542 1293 665 1336 primis
684 1292 855 1336 epistolae
878 1293 1033 1326 versibus
1054 1295 1233 1328 coniicere
1249 1295 1346 1336 licet,
1370 1297 1478 1339 paulo

158 1339 329 1372 curiosius
355 1338 399 1371 de
421 1339 522 1370 villae
544 1349 626 1370 suae
649 1338 822 1370 reditibus
847 1338 1122 1382 interrogasset,
1159 1339 1204 1373 de
1235 1338 1301 1372 hac
1334 1339 1479 1383 quidem

156 1395 196 1417 re
221 1383 308 1415 nihil
330 1383 543 1427 respondet,
582 1382 645 1414 sed
678 1382 826 1414 sormam
851 1389 885 1415 et
910 1384 1015 1415 situm
1040 1385 1141 1416 villae
1162 1384 1333 1417 describit
1355 1385 1478 1426 (Vers.

157 1435 179 1462 1
203 1448 244 1454 -
263 1430 352 1471 's7);
390 1427 518 1461 deinde
544 1433 732 1471 praecepta
766 1439 867 1461 verae
900 1429 1036 1461 virtutis
1061 1429 1263 1472 subiungit,
1299 1440 1412 1473 neque
1437 1441 1480 1463 ex

155 1485 299 1507 rumore
321 1474 410 1516 vulgi
437 1472 643 1517 pendentis,
670 1483 784 1516 neque
809 1474 844 1504 in
870 1479 1012 1506 externa
1031 1474 1181 1517 quadam
1199 1475 1378 1506 actionum
1396 1486 1477 1519 spe-

158 1521 212 1553 cie
237 1519 386 1563 positae,
408 1518 470 1551 sed
495 1519 530 1549 in
556 1518 709 1562 pectoris
730 1518 968 1562 penetralibus
983 1530 1002 1550 a
1018 1519 1091 1551 viro
1114 1530 1195 1552 vere
1212 1518 1374 1560 honesto,
1396 1530 1477 1553 vere

156 1565 314 1609 sapiente
347 1564 515 1607 bonoque
546 1563 728 1595 colendae.
763 1563 885 1604 (Vers.
910 1567 955 1597 18
979 1575 1092 1609 usque
1116 1563 1167 1596 ad
1214 1566 1280 1606 n.)-
1327 1563 1479 1597 Addidit

158 1615 274 1642 autem
300 1608 386 1641 haec
410 1608 551 1652 quidem
579 1613 788 1652 praecepta,
824 1609 894 1641 sive
928 1615 966 1640 ut
997 1609 1142 1642 omnino
1201 1620 1242 1642 ac
1267 1610 1476 1653 opportuni-

155 1660 228 1687 tate
250 1659 408 1686 uteretur
433 1665 510 1686 cum
535 1654 648 1686 amico
676 1653 720 1685 de
743 1663 781 1685 re
798 1653 997 1697 gravissima
1013 1649 1264 1698 collo'quendi,
1284 1654 1355 1687 sive
1378 1653 1477 1698 quod

157 1699 342 1742 Quinctius
367 1696 531 1742 Hirpinus
557 1699 703 1731 sortasse
736 1697 805 1732 hoc
835 1700 913 1744 ipso
947 1699 1031 1732 vitio
1059 1698 1263 1743 laboraret,
1298 1703 1336 1732 ut
1364 1699 1477 1732 videri

155 1745 270 1777 bonus
298 1755 403 1788 quam
429 1754 503 1776 esse
526 1745 656 1776 mallet.

155 1826 219 1864 Ne
246 1816 530 1878 perconteris,
558 1822 712 1863 fundus
746 1836 888 1875 meus,
916 1824 1074 1878 optime
1103 1818 1302 1880 Quincti,

156 1878 274 1917 Arvo
302 1884 445 1931 paseat
471 1876 642 1928 herum,
670 1891 721 1916 an
746 1877 883 1921 baccis
912 1879 1131 1931 opulentet
1159 1877 1347 1938 olivae,‘

156 1994 202 2002 —
223 1987 261 2008 v,
287 1974 341 2019 34.
368 1976 515 2008 Comma
538 1981 618 2020 post
643 1978 763 2010 omasi
785 1977 974 2010 delevimus
1004 1987 1084 2009 cum
1109 1976 1255 2018 Bothio,
1289 1971 1392 2018 quem
1417 1974 1473 2008 Cf.

155 2039 201 2047 -
224 2033 261 2053 v.
285 2023 339 2054 35.
360 2023 500 2065 agnini
522 2024 618 2054 multi
647 2023 762 2055 Codd.
794 2023 871 2055 Vid.
897 2024 978 2055 Fea.
1005 2041 1048 2047 —
1071 2033 1109 2054 v.
1136 2023 1188 2064 37.
1215 2019 1305 2052 Edd.
1329 2024 1410 2052 vett.
1439 2025 1474 2052 et

158 2066 272 2100 Codd.
300 2067 433 2110 aliquot
458 2075 646 2112 correptus
671 2069 812 2100 Bestius
825 2080 838 2108 ‚·
859 2067 921 2100 sed
940 2069 1058 2111 plures
1084 2072 1119 2099 et
1141 2066 1304 2098 meliores
1330 2075 1472 2096 corr-ec-

158 2119 229 2144 tus.
254 2112 429 2144 Bentleius
456 2124 495 2145 cx
530 2125 600 2146 uno
629 2112 719 2146 Cod.
744 2113 905 2145 Lambini
937 2119 1130 2144 corrector.
1176 2111 1246 2142 Fea
1277 2111 1397 2142 locum
1425 2111 1473 2142 ita

159 2157 360 2190 constituit:
385 2156 550 2197 Scilicet,
578 2166 618 2190 ut
643 2165 779 2190 ventres
803 2159 923 2190 lamna
947 2155 1114 2190 candente
1139 2162 1302 2199 nepotum
1328 2154 1474 2186 Diceret

159 2201 337 2241 urendos,
362 2210 563 2247 correptus.
586 2205 718 2236 Bestius
741 2209 808 2236 etc.
834 2202 917 2236 vid.
939 2202 1051 2236 Bentl.
1071 2196 1172 2235 Botl.
1188 2199 1286 2233 Iahn.
1304 2218 1348 2226 -—
1363 2211 1400 2232 v.
1415 2199 1471 2233 38.

160 2246 296 2293 Siquid
314 2254 393 2280 erat
415 2249 530 2282 Bentl.
556 2259 576 2283 e
602 2247 719 2282 Codd.
745 2250 892 2282 Torent.
1221 2247 1225 2251 ⁴
