1526 2404
118 158 174 198 80
549 164 589 203 Q·
619 161 799 188 noim-ru
827 157 982 187 Fnfficx

174 261 358 315 Fulgens
372 289 384 310 ‚
410 256 760 310 triumphatisque
789 251 923 307 possit

227 316 363 353 Roma
386 311 512 351 ferox
539 311 639 349 dare
671 308 763 346 iura
787 305 936 345 Medis.

121 388 347 429 Horrenda
374 387 458 438 late
485 396 639 423 nomen
663 382 707 422 in
730 383 895 423 ultimas

124 442 335 482 Extendat
368 452 485 487 oras,
510 450 590 491 qua
615 436 776 475 medius
806 437 948 491 liquor

176 494 367 535 Secernit
396 494 602 543 Europen
631 489 682 528 ab
713 490 846 540 Afro,

230 549 327 610 Qua
351 545 534 586 tumidus
561 543 672 596 rigat.
704 557 805 583 arva
835 541 975 582 Nilus:

126 624 291 663 Aurum
319 621 576 675 irrepertum
604 626 647 658 et
675 618 733 657 sic
758 617 907 656 melius
938 617 1087 670 situm,

125 678 268 734 Quum
296 683 412 714 terra
438 676 566 721 celat,
596 684 796 726 spernere
825 670 980 711 fortior

181 731 319 792 Quam
347 741 525 782 cogere,
556 727 760 766 humanos
789 724 831 763 in
859 738 960 764 usus

237 783 374 823 Omne
404 795 567 821 sacrum
599 779 788 832 rapiente
817 777 985 817 dextra.

127 858 380 913 Ouicunque
406 854 562 894 mundo
595 852 797 892 terminus
825 851 1009 903 obstitit,

170 926 249 952 unc
278 919 420 964 tangat
451 907 600 958 armis,
629 906 766 947 visere
801 905 1007 960 gestiens,

179 967 274 1028 Qua
303 972 423 1017 parte
453 959 764 1001 debacchentur
787 959 929 1013 ignes,

234 1019 329 1079 Qua
357 1016 536 1056 nebulae
566 1013 782 1068 pluviique
820 1025 958 1053 rores.

130 1095 216 1136 Sed
243 1093 452 1133 bellicosis
482 1091 569 1131 fata
603 1089 838 1150 Quiritibus

129 1152 221 1189 Hac
252 1149 349 1200 lege
383 1146 500 1194 dico,
529 1157 583 1182 ne
617 1142 787 1180 nimium
819 1141 900 1194 pii,

181 1200 412 1254 Rebusque
442 1196 641 1244 fidentes,
675 1195 810 1234 avitae

235 1257 367 1293 Tecta
403 1251 533 1291 velint
565 1262 764 1301 reparare
799 1247 965 1287 Troiae.

134 1330 290 1370 Troiae
320 1338 542 1376 renascens
572 1323 668 1362 alite
696 1323 740 1361 lu
771 1321 869 1362 ubri

131 1387 319 1425 Fortuna
348 1380 457 1420 tristi
489 1377 606 1418 clade
637 1377 742 1416 itera
774 1376 882 1426 itur,

183 1439 377 1477 Ducente
410 1432 602 1473 victrices
635 1438 822 1469 catervas

238 1489 428 1541 Coniuge
457 1500 525 1525 me
554 1483 663 1524 Iovis
699 1491 742 1522 et
769 1494 932 1522 sorore.

133 1569 220 1607 Ter
239 1565 273 1604 si
293 1568 488 1615 resurgat
506 1572 649 1598 murus
675 1558 828 1596 ae'neus

134 1620 324 1660 Auctore
351 1613 551 1662 Phoebo,
581 1620 649 1651 ter
672 1618 822 1664 pereat
847 1611 952 1652 meis

187 1671 363 1712 Excisus
393 1666 583 1721 Argi'vis7
610 1673 677 1704 ter
704 1676 814 1702 uxor

241 1725 372 1778 Capta
398 1721 535 1762 virum
557 1730 799 1772 puerosque
823 1717 980 1771 ploret.

134 1803 228 1841 Non
255 1799 360 1839 haec
390 1797 558 1836 iocosae
589 1794 842 1834 conveniunt
868 1794 1004 1846 lyrae:

180 1868 262 1904 uo,
293 1853 434 1902 Musa,
459 1846 626 1889 tendis?
653 1848 811 1887 Desine
837 1847 1038 1901 pervicax

189 1906 374 1948 Referre
398 1917 614 1944 sermones
645 1902 860 1951 Deorum,
893 1908 936 1940 et

243 1962 393 2014 Magna
418 1958 552 1998 modis
579 1964 753 1996 tenuare
779 1954 932 2007 parvis.

1411 663 1465 704 50

1410 955 1466 998 55

1375 1520 1468 1597 '65

1413 1855 1467 1896 70

186 2109 216 2129 v.
245 2097 299 2130 53.
335 2093 462 2128 mnndi
482 2095 620 2138 aliquot
643 2093 865 2125 recentiores
895 2089 1013 2124 codd.
1040 2087 1097 2124 Cf.
1117 2086 1238 2122 Bentl.
1259 2099 1305 2112 —-
1343 2096 1380 2118 v.
1404 2085 1461 2119 66.

141 2142 300 2175 Ductore
331 2140 480 2173 Phoebo
506 2139 626 2173 codd.
649 2139 787 2181 aliquot
801 2137 923 2169 Bentl.
949 2146 1054 2180 quem
1078 2134 1179 2168 V.--
1201 2144 1237 2167 v.
1252 2133 1309 2176 69.
1333 2129 1460 2166 hoc-.-

143 2188 320 2222 conveniet
342 2187 487 2233 plurimi
507 2185 622 2219 Codd.
646 2184 754 2228 idque
777 2183 926 2216 servavit
937 2180 1059 2215 Bentl-
