1526 2404
117 120 163 147 ιο
557 120 597 160 q.
627 120 813 146 nonu-11
843 119 999 148 nacci

111 216 361 256 Luctantem
386 218 525 257 Icariis
553 215 752 258 fluctibus
774 216 968 257 Africum
1401 218 1451 259 15

111 270 326 309 Mercator
353 280 571 322 metuens,
607 271 739 311 otium
769 278 813 310 et
838 270 986 324 oppidi

111 323 275 362 Laudat
302 338 402 362 rura
431 325 515 363 sui:
545 338 644 364 mox
670 321 810 363 reficit
834 332 948 364 rates

115 375 325 431 Quaesas,
353 377 546 417 indocilis
581 377 830 432 pauperiem
856 377 956 431 pati.

113 433 192 470 Est
219 430 292 484 qui
319 444 396 470 nec
427 432 581 471 veteris
610 431 764 485 pocula
791 430 979 481 Massici,

113 486 202 523 Nec
228 491 393 536 partem
420 484 556 524 solido
587 485 762 524 demere
789 483 844 523 de
875 485 944 524 die
1055 507 1057 510 -
1400 501 1452 529 20

116 537 311 590 Spernit,
338 551 448 577 nunc
476 538 601 578 viridi
626 537 815 577 membra
842 537 920 578 sub
951 536 1103 578 arbuto

117 590 280 629 Stratus
297 621 308 640 ‚
342 605 452 631 nunc
478 592 530 631 ad
558 605 691 647 aquae
714 591 810 630 lene
840 599 969 645 caput
997 604 1158 634 sacrae.

115 644 271 683 Multos
306 652 442 683 castra
469 644 637 695 iuvant,
668 652 711 684 et
737 644 842 683 lituo
872 642 1002 684 tubae

115 697 355 737 Permixtus
384 698 543 738 sonitus
558 729 569 749 ‚
596 698 795 752 bellaque
821 697 1026 739 matribus
1257 714 1261 717 ’

116 751 349 791 Detestata.
402 753 543 791 Manet
571 751 648 791 sub
673 753 784 791 Jove
810 751 971 806 frigido
1406 753 1459 793 25

117 805 333 854 Venator,
362 812 536 844 tenerae
566 804 756 859 coniugis
785 803 1033 857 immemor,

119 858 207 897 Seu
234 857 323 897 visa
352 867 415 898 est
444 858 590 898 catulis
620 872 748 898 cerva
775 856 992 909 fidelibus,

121 911 208 950 Seu
234 913 349 964 rupit
374 920 534 952 teretes
562 913 724 951 Marsus
756 925 859 965 aper
886 907 1045 966 plagas.

119 965 190 1003 Me
220 964 440 1004 doctarum
468 965 655 1005 hederae
682 966 870 1018 praemia
897 965 1103 1006 frontium

121 1018 199 1056 Dis
227 1018 402 1057 miscent
429 1018 615 1071 superis3
643 1033 712 1058 me
740 1018 926 1071 gelidum
953 1033 1102 1058 nemus
1405 1021 1460 1061 30

120 1070 491 1125 Nympharumque
519 1072 636 1111 leves
664 1085 761 1110 cum
790 1071 947 1123 Satyris
976 1071 1097 1111 chori

123 1123 360 1163 Secernunt
418 1124 570 1177 opulo‚
603 1124 637 1163 si
666 1138 719 1164 ne
752 1138 807 1164 ue
835 1124 956 1164 tibias

123 1178 315 1230 Euterpe
343 1190 392 1216 co
425 1177 538 1228 ibet,
563 1191 642 1217 nec
668 1179 731 1217 Po
750 1178 942 1230 yhymnia

123 1229 340 1269 Lesboum
366 1229 528 1292 refugit
557 1230 736 1270 tendere
761 1229 969 1271 barbiton.

125 1283 292 1377 (guodsi
319 1297 386 1322 me
414 1284 553 1336 lyricis
585 1284 749 1324 vatibus
776 1283 950 1336 inseris,
1344 1305 1346 1308 >
1405 1287 1460 1328 35

162 1336 306 1378 ublimi
332 1337 486 1377 feriam
514 1337 654 1377 sidera
678 1338 851 1378 vertice.

662 1458 852 1497 Cianum
883 1457 931 1498 H.

407 1542 487 1582 AD
516 1542 824 1582 AUGUSTUM
854 1543 1173 1583 CAESAREM.

243 1629 368 1661 Varias
400 1629 620 1660 calamitates
642 1628 750 1660 L‘rbis
785 1632 821 1660 et
847 1628 954 1661 Orbis
982 1629 1130 1662 Romani
1169 1630 1348 1662 insecutas
1380 1631 1466 1671 post

131 1680 283 1707 mortem
320 1674 403 1705 Julii
442 1674 601 1705 Caesaris
642 1673 848 1706 describens
892 1685 993 1717 spem
1035 1686 1179 1707 omnem
1221 1671 1464 1706 restituendae

132 1721 254 1753 salutis
279 1721 314 1752 in
334 1720 492 1761 Augusto
514 1719 710 1763 repositam
734 1719 836 1753 dicit.

602 1800 756 1833 Asterum
781 1800 1005 1845 Sapplu'cum.

133 1877 226 1916 Jam
254 1875 351 1914 satis
379 1875 503 1926 terris
531 1875 636 1915 nivis
665 1883 793 1930 atque
815 1875 931 1915 dirae

135 1929 354 1968 Grandiuis
384 1929 494 1968 misit
520 1929 671 1980 Pater,
700 1937 743 1969 et
768 1929 949 1969 rubente

200 2075 236 2096 v.
260 2074 312 2107 ¹7·
346 2062 526 2103 Acidalius
553 2061 757 2102 Gronovio,
781 2059 895 2093 Benss.
919 2060 1022 2093 Both.
1047 2058 1285 2104 probantibus
1310 2058 1467 2090 coniecit

137 2117 215 2142 tuta
240 2119 307 2152 pro
333 2119 433 2141 rura.
459 2106 638 2138 cnsscnil.
664 2111 699 2139 et
721 2105 823 2138 Both.
848 2106 1032 2138 Annotatt.
1052 2123 1097 2130 —-
1118 2117 1154 2142 v.
1176 2114 1230 2146 29-
1256 2103 1326 2135 Me.
1353 2102 1466 2144 flare,

136 2155 278 2188 Waxos.
310 2155 404 2194 Fen,
429 2155 467 2185 F.
494 2153 534 2184 A.
559 2151 862 2196 W011·(Ana1ect.
888 2152 957 2184 litt.
981 2152 1017 2194 1,
1043 2161 1075 2193 2.
1101 2162 1139 2195 p.
1156 2148 1236 2193 262)
1262 2149 1321 2181 alii
1349 2149 1469 2181 Te.—

137 2212 171 2233 v.
195 2201 250 2234 36.
278 2199 450 2232 Sublimis.
476 2199 559 2230 Fca.
