1526 2404
537 188 774 215 sunnonis!
802 187 888 215 un.
915 174 963 214 11.
996 189 1029 214 ι.
1278 188 1282 192 ’
1361 176 1431 216 ’5ι

123 285 208 319 Vita
228 282 374 319 Horatii
378 306 391 324 ,
416 281 475 316 >his
497 283 635 317 verbis:
660 282 801 328 Scripta
817 280 957 330 quidem
973 282 1047 314 eins
1063 293 1174 328 usque
1196 280 1284 315 adeo
1305 280 1436 328 proba·

121 331 172 364 vit
189 339 430 374 mansuraque
449 337 619 374 perpetuo
638 329 805 373 opinatus
826 337 878 360 est
893 326 1118 371 (Augustus),
1143 334 1185 360 ut
1198 345 1246 352 —
1262 336 1346 373 post
1363 341 1436 361 ser-

119 386 241 411 mones
254 385 398 420 quoque
405 373 517 409 lectos
529 373 666 406 nullam
684 374 744 406 sm'
754 374 962 407 mentionem
978 371 1131 405 habitam
1148 373 1201 404 ita
1215 373 1262 405 sit
1272 382 1437 418 questus.-

119 418 236 454 Irasci
251 431 304 452 me
330 417 394 451 tibi
412 421 501 451 scito
511 442 523 457 ‚
551 417 653 463 quod
673 430 747 453 non
766 419 803 451 in
822 418 997 464 plerisque
1017 415 1187 450 eiusmodi
1203 429 1242 450 sc
1269 418 1276 424 ‘
1298 419 1341 451 tis
1367 431 1437 456 111oe

118 476 198 500 cum
214 465 433 511 potissimum
459 464 631 509 loquaris.
654 467 711 496 An
730 464 854 496 vereris
875 475 917 495 ne
938 461 1039 508 apud
1053 471 1213 507 posteros
1234 463 1264 495 t'
1282 464 1298 494 ι’
1309 463 1439 508 irfizme

171 534 185 551 ,
204 507 308 556 quod
324 507 451 541 videris
460 507 656 552 fimu'lian‘s
677 508 776 541 nobis·
795 508 894 541 esse?
914 509 954 540 In
976 509 1094 552 priore
1117 513 1233 540 autem
1255 509 1439 542 satirarum

115 555 210 590 libro
233 565 406 598 nusquam
431 553 577 596 Augusti
603 553 798 587 honorifica
817 554 950 586 mentio
973 554 1147 594 iniicitur;
1177 554 1285 585 semel
1304 558 1440 586 tantum

116 599 215 635 aliud
236 610 342 642 agens
369 603 475 643 poeta
508 609 588 631 eum
610 599 769 632 nominat
794 599 865 640 111,
896 597 937 641 4:
970 604 1004 630 at
1030 604 1154 631 contra
1186 598 1221 629 in
1243 597 1308 630 hac
1326 600 1441 643 prima

117 645 262 679 alterius
289 643 371 676 libri
405 643 512 675 satira
542 642 596 685 bis
626 644 764 688 egregia
789 655 868 677 cum
896 643 1000 678 laude
1026 654 1155 676 nomen
1182 643 1255 674 eius
1285 645 1440 677 carmine

116 690 343 724 includitur:
379 699 466 723 ver-5.
492 697 535 722 ιο
552 699 653 732 seqq.
689 694 723 722 et
755 701 840 721 vers.
865 687 928 732 84,
958 693 1033 720 tum
1065 687 1183 720 subtili
1217 687 1366 721 artificio
1405 692 1442 722 et

94 733 376 779 'elegantissima
406 733 576 765 orationis
618 735 849 778 conver-,sione
880 746 964 766 vers.
989 734 1033 767 62
1058 745 1134 777 sqq.
1166 733 1236 764 Sat.
1260 733 1304 765 V.
1340 733 1441 766 huius

116 778 212 814 libri.
249 779 478 822 Quapropter
491 778 636 821 Augusti
660 781 801 822 querela
825 781 956 811 nullam
983 778 1035 810 sui
1062 778 1275 810 mentionem
1298 789 1318 810 a
1336 783 1443 823 poeta

117 825 247 858 factam
264 823 403 855 nonnisi
444 823 577 855 riorem
592 823 784 855 Satirarum
799 823 929 856 librum
943 829 1085 866 tangere
1102 827 1229 867 potest.
1252 823 1325 854 Iam
1341 825 1442 868 prior

118 870 222 902 huius
243 868 379 912 primae
394 868 419 900 li
447 867 477 899 ri
502 868 649 901 secundi
673 869 807 901 Satirae
836 879 916 913 pars
937 867 983 900 ad
1005 867 1094 900 hanc
1119 869 1230 911 ipsam
1249 867 1294 901 de
1320 880 1357 902 se
1380 881 1440 902 ex·

117 913 376 959 spectationem
400 913 554 957 pertinet
575 923 666 945 rer-s.
690 922 829 947 10—20.
866 912 974 945 Aliud
996 912 1163 956 quiddam
1184 922 1325 954 eorum,
1351 925 1442 957 quae

117 961 227 1005 poeta
255 958 291 990 iu
322 956 392 990 hoc
423 968 587 990 sermone
626 958 724 1001 quasi
759 958 856 990 aliud
896 969 999 1000 age-ns
1034 958 1191 999 attingit,
1229 958 1461 1001 significatur,

119 1016 206 1038 vers.
219 1004 277 1041 60.
303 1002 460 1034 Trebatii
480 1002 614 1035 verbis:
642 1004 673 1035 0
688 1015 777 1047 puer
794 1011 834 1035 ut
852 1004 899 1035 sis
917 1002 1043 1035 malis
1058 1011 1173 1034 metuo
1182 1025 1195 1041 ,
1219 1010 1252 1034 et
1269 1005 1442 1036 maiorum

118 1061 161 1082 ne
182 1050 263 1094 quis
283 1049 416 1091 anticus
436 1048 586 1091 Frigore
614 1057 646 1080 le
659 1048 789 1093 semin.
831 1049 943 1080 Poeta
971 1048 1064 1080 enim
1094 1055 1167 1079 non
1188 1048 1270 1080 satis
1296 1060 1441 1081 securus

118 1100 155 1128 et
180 1090 326 1134 verens,
361 1101 408 1125 ne
434 1091 507 1125 hoc
537 1092 717 1126 satiricum
745 1100 852 1136 genus
875 1093 1004 1126 sensim
1027 1093 1224 1136 sensimque
1246 1094 1351 1126 etiam
1374 1106 1441 1139 po·-

117 1137 330 1173 tentioribus
358 1137 430 1170 suis
463 1137 583 1170 amicis
612 1139 809 1171 molestiam
838 1143 935 1171 creet
965 1143 999 1170 et
1032 1142 1170 1178 moveat
1199 1138 1441 1181 stomachum,

118 1184 282 1218 consulto
306 1182 356 1214 ibi
377 1181 503 1215 heroes
520 1182 599 1214 illos
615 1183 820 1228 Scipiones,
850 1183 993 1215 Laelios*
1012 1188 1266 1216 commemorat
1284 1185 1440 1225 Lucilio,

117 1226 282 1262 familiari
303 1237 369 1261 suo
384 1250 395 1268 ,
427 1238 501 1260 non
524 1233 770 1261 succensentes
794 1228 948 1272 quamvis
971 1227 1130 1266 mordaci
1154 1227 1316 1266 libertate
1340 1230 1439 1274 prin·

117 1275 215 1319 cipes
249 1273 286 1305 in
311 1272 451 1305 civitate
482 1273 576 1306 viros
605 1278 640 1305 et
668 1273 812 1306 omnino
844 1284 966 1306 omnes
988 1274 1079 1305 cives
1105 1278 1254 1306 notaret.
1296 1274 1336 1305 In
1370 1274 1461 1307 fine,

117 1314 253 1351 satirae
293 1317 573 1349 adversariorum
609 1324 849 1363 praeoccupat
886 1318 1054 1358 consilia,
1093 1318 1174 1361 qui,
1211 1323 1251 1350 ut
1282 1318 1440 1361 videtur,

115 1365 171 1396 vel
194 1363 232 1394 in
255 1362 309 1394 ius
332 1367 477 1406 poetam
501 1373 539 1395 se
553 1369 749 1395 ·vocaturos
774 1375 848 1396 esse
870 1363 992 1394 minati
1017 1368 1136 1404 erant,
1162 1367 1266 1406 atque
1298 1363 1344 1396 ad
1366 1364 1439 1396 Au-

117 1409 209 1451 gusti
233 1406 278 1439 de
310 1406 363 1439 his
387 1406 509 1439 Satiris
534 1407 703 1440 iudicium
728 1416 923 1452 provocans
947 1408 1118 1452 impetum
1144 1418 1267 1440 eorum
1290 1415 1439 1442 contun-

117 1453 182 1484 dit.
218 1453 341 1495 Neque
375 1452 490 1484 minus
521 1451 608 1485 haec
641 1453 754 1486 Satira
784 1454 821 1485 in
853 1453 995 1486 alterius
1017 1453 1098 1485 libri
1122 1454 1243 1486 limine
1264 1455 1380 1498 posita
1401 1461 1449 1487 utr

120 1497 292 1530 orationis
315 1497 398 1528 stilo
423 1497 473 1528 ita
491 1502 569 1530 toto
595 1508 722 1541 genere
743 1504 778 1531 et
800 1498 1082 1531 conformatione
1107 1509 1127 1529 a
1148 1498 1440 1542 praecedentibus

120 1541 251 1574 differt.
276 1540 337 1572 Est
361 1541 455 1573 enim
478 1553 587 1584 genus
613 1542 866 1576 dramaticum:
890 1544 1141 1586 colloquuntur
1162 1544 1254 1576 inter
1277 1555 1313 1576 se
1329 1545 1439 1577 Hora-

118 1587 188 1618 tius
213 1590 249 1618 et
274 1596 380 1617 senex
404 1586 489 1618 iuris
514 1589 693 1619 consultus
719 1588 758 1619 C.
782 1587 968 1620 Trebatius
987 1589 1110 1629 Testa,
1136 1588 1314 1620 Ciceronis
1339 1589 1439 1621 sami-

120 1629 239 1673 1iaris,
262 1629 307 1662 ad
331 1640 435 1673 quem
457 1632 594 1674 Topica
619 1633 779 1676 scripsit,
805 1644 846 1665 ex
870 1633 944 1664 eius
969 1643 1014 1664 ue
1034 1633 1158 1665 litteris
1185 1633 1231 1664 ad
1255 1633 1440 1667 familiares

115 1675 216 1757 gib.
231 1673 326 1717 VH.)
351 1674 434 1706 satis
450 1681 565 1708 notus.
589 1677 715 1709 Cicero
732 1644 1012 1709 Trebatiumrcbis
1035 1677 1149 1710 verbis
1172 1678 1263 1710 Iulio
1287 1679 1439 1719 Caesari,

149 1721 261 1757 „alliae
284 1720 519 1761 Proconsuli,
550 1721 855 1754 commendaverat
881 1723 983 1766 (Epp.
1008 1723 1091 1763 VII,
1116 1721 1187 1766 5.):
1222 1721 1264 1754 de
1286 1735 1358 1769 quo
1381 1724 1445 1756 tibi

122 1759 259 1798 bomine
277 1763 344 1796 hoc
364 1762 519 1808 spondeo
531 1777 682 1797 —more
697 1765 862 1798 Romano
882 1785 924 1790 —
945 1766 1144 1811 probiorem
1157 1766 1346 1808 hominem,
1370 1781 1439 1800 me-

120 1811 242 1844 liorem
267 1810 398 1847 virum,
427 1807 687 1853 prudentiorem
712 1822 782 1842 esse
813 1812 988 1843 neminem.
1023 1810 1165 1845 Accedit
1187 1813 1309 1853 etiam,
1343 1812 1445 1859 qnod

109 1854 294 1902 familiam
315 1852 413 1886 ducit
428 1854 466 1885 in
486 1855 562 1886 iure
580 1855 688 1894 civili,
711 1856 902 1899 snzgzduris
922 1857 1104 1896 memoria,
1124 1869 1259 1890 summa
1277 1859 1441 1898 scientim·

121 1911 193 1945 quo
219 1899 351 1932 factum
375 1904 447 1939 est,
468 1904 505 1930 ut
531 1900 659 1932 Caesar
682 1910 762 1932 eum
787 1901 824 1932 in
847 1901 1039 1934 amicorum
1053 1901 1237 1935 cohortem
1252 1902 1438 1946 reciperet·

124 1945 215 1978 Orto
246 1944 344 1983 hello
373 1944 465 1976 civili
487 1949 604 1988 partes
629 1945 790 1988 Pompeii
816 1957 896 1978 cum
919 1946 1090 1980 Cicerone
1119 1952 1279 1988 secutus,
1315 1954 1439 1992 postea

120 1991 258 2023 'veniam
280 1989 476 2032 impetravit
499 1989 543 2020 ab
567 1990 724 2032 Augusto
749 1995 783 2022 et
809 1995 923 2022 totum
938 2002 985 2029 ‚se
1010 1992 1303 2036 iurisprudentiae
1320 1993 1437 2026 studio

123 2034 240 2076 dedit,
263 2034 331 2066 nisi
350 2032 447 2076 quod
465 2035 531 2075 706
549 2033 591 2065 U.
608 2035 648 2065 C.
666 2033 842 2066 Tribunus
861 2035 973 2079 plebis
995 2035 1071 2068 fuit.
1098 2037 1271 2079 Augustus
1295 2049 1374 2070 eum
1393 2038 1438 2071 de

123 2079 200 2111 iure
218 2079 403 2112 consulere
422 2078 576 2120 solebat,
602 2079 744 2122 eiusque
767 2079 907 2112 auditor
923 2080 988 2112 suit
1002 2091 1145 2124 magnus
1164 2081 1222 2114 ille
1241 2082 1329 2114 Iuris
1351 2094 1437 2115 con·-

124 2125 234 2157 sultus
261 2124 306 2167 Q.
329 2122 502 2155 Antistius
529 2121 660 2156 Labeo.
688 2123 770 2156 vid.
793 2124 838 2156 N.
861 2124 908 2156 H.
936 2124 1143 2169 Gumfflngii
1162 2120 1372 2160 Dissertatio
1398 2127 1437 2160 C.

127 2166 314 2200 Trebatius
334 2166 442 2200 Testa
462 2168 561 2200 Ictus
578 2168 621 2200 ab
637 2169 773 2201 inim-1225
793 2177 941 2202 veterum
961 2177 995 2202 et
1010 2172 1237 2203 recentiorum
1258 2171 1436 2204 liberatus.

124 2211 209 2248 Hal.
229 2213 328 2246 1710.
358 2216 394 2245 et
415 2211 560 2259 Menag.
583 2214 805 2254 Amoem'tatt.
832 2214 909 2249 Iar.
935 2214 1007 2249 Civ.
1026 2226 1103 2261 cap.
1122 2217 1177 2249 14.
1214 2216 1374 2260 Magnam
1398 2217 1431 2254 ei

1097 2272 1172 2320 4*
