1526 2404
485 179 722 208 suesionum
752 157 839 207 nm.
863 167 892 206 Ι.
918 172 959 215 4.
1340 179 1387 206 21

69 275 293 330 Rumperis
309 303 322 326 ,
350 281 396 315 et
418 273 567 325 latras,
593 286 840 329 magnorum
865 274 1043 314 maxime
1067 286 1232 328 regum.

70 331 136 370 Ne
165 331 336 391 longum
362 327 538 377 faciam,
567 328 666 367 dum
693 335 741 367 tu
767 328 997 383 quadrante
1025 327 1207 367 lavatum

76 385 171 424 Rex
197 383 298 430 ibis,
324 394 463 444 neque
493 389 538 421 te
564 381 781 436 quisquam
808 381 1007 435 stipator,
1032 380 1223 472 ineptum

73 438 252 479 Praeter
281 435 539 488 Crispinum,
568 434 816 474 sectabitur:
846 443 890 474 et
916 433 1018 472 mihi
1044 433 1101 473 du
1119 447 1191 473 ces

75 491 318 544 Ignoscent,
343 487 379 528 si
405 487 507 579 Πιιιᾶ
532 500 713 540 peccaro
741 488 915 537 stultus,
942 487 1084 537 amici3
1319 492 1395 535 ⁸4⁰

76 545 208 605 Inque
245 542 380 582 vicem
408 541 417 549 '
436 541 584 602 lorum·
600 540 738 594 patiar
764 541 919 581 delicta
945 539 1151 593 libenter,

77 598 359 651 anatusque
385 606 516 647 magls
545 607 683 635 vivam
707 602 752 635 te
778 607 883 650 rege
910 593 1070 634 beatus.

603 745 770 786 Sarma
796 746 868 791 IV.

149 850 345 893 Octoginta
367 852 514 886 circiter
536 858 616 886 ante
639 852 824 886 Horatium
848 854 947 887 annis
969 853 1147 894 Lucilius,
1161 850 1398 894 ingeniosissi-

81 908 158 929 mus
179 901 310 940 poeta,
333 903 487 930 veterem
510 899 609 931 illam
628 903 665 930 et
684 899 902 932 inconditam
921 900 1159 932 Romanorum
1178 898 1320 928 satiram
1346 897 1399 927 in·

49 984 53 985 ⁷
82 946 320 982 stauraverat,
343 942 578 976 adstrimerat
602 949 704 977 certo
725 954 887 976 versuum
904 954 1046 987 genere,
1071 943 1283 987 plerumque
1305 940 1401 985 epici

83 987 272 1027 carminis,
309 991 346 1019 et
377 999 471 1020 novo
504 988 637 1022 decore
663 995 871 1031 ornaverat,
907 1001 988 1022 cum
1016 1000 1101 1021 suae
1135 987 1260 1020 aetatis
1295 987 1403 1017 vitam

84 1041 272 1074 moresque
296 1032 387 1065 salse
411 1032 644 1066 describeret.
681 1033 806 1077 Neque
840 1035 953 1067 ullum
986 1033 1278 1078 impedimentum
1303 1030 1403 1063 diviti

86 1087 196 1109 venae
221 1081 258 1108 et
279 1077 411 1110 salibus
435 1079 510 1110 eius
531 1079 674 1120 offecit,
698 1078 848 1113 florente
868 1080 1036 1124 populari
1054 1079 1106 1111 rei
1122 1077 1290 1122 publicae
1308 1081 1404 1108 statu

86 1128 123 1155 et
145 1131 282 1154 summa
310 1122 483 1165 loquendi
513 1123 764 1167 scribendique
798 1125 978 1158 libertate.
1017 1124 1091 1156 Etsi
1127 1124 1234 1166 igitur
1265 1126 1404 1163 veteres

86 1166 297 1200 comoediae
328 1167 468 1200 Atticae
501 1169 667 1202 auctores
705 1170 900 1203 aemulatus
938 1169 1069 1202 nemini
1106 1179 1151 1201 ne
1181 1166 1405 1211 principibus

86 1212 231 1256 quidem
253 1212 289 1243 in
313 1213 455 1245 civitate
478 1214 560 1246 viris
585 1214 778 1258 parcebat,
799 1220 919 1248 tamen
941 1225 1058 1258 neque
1084 1212 1180 1258 apud
1203 1213 1298 1245 cives
1322 1221 1406 1244 suos

86 1257 249 1290 invidiam
274 1257 341 1289 sibi
363 1258 550 1299 conflavit,
583 1269 699 1303 neque
731 1260 906 1292 nobilium
931 1261 1128 1292 amicorum
1150 1258 1298 1302 gratiam
1321 1266 1407 1300 per-

88 1302 188 1334 didit.
218 1299 292 1345 (Cf.
316 1302 390 1334 Sat.
416 1303 470 1345 11,
499 1314 538 1345 1,
563 1303 635 1347 62.)
669 1304 756 1337 Post
785 1306 962 1338 Lucilium
995 1314 1100 1337 nemo
1126 1304 1162 1335 in
1183 1303 1252 1335 hoc
1275 1311 1407 1346 genere

89 1347 306 1388 elaboravit,
348 1347 467 1382 donec
503 1349 668 1382 Horatius
704 1350 872 1383 existeret
908 1360 1019 1382 novus
1052 1350 1215 1381 satiricae
1252 1357 1408 1392 poeseos

90 1397 237 1433 auctor,
260 1392 323 1425 sed
346 1398 510 1436 tempore
530 1405 551 1426 a
571 1392 756 1427 Luciliano
777 1396 841 1428 illo
862 1406 949 1428 aevo
971 1395 1123 1426 multum
1141 1394 1292 1426 diverso.
1317 1392 1410 1424 Sub-

90 1438 164 1469 lata
186 1437 279 1469 enim
298 1443 374 1469 erat
390 1449 460 1470 una
477 1450 558 1471 cum
578 1445 696 1473 vetere
720 1450 758 1472 re
780 1441 927 1484 publica
947 1440 1150 1472 felicissima
1168 1440 1232 1470 illa
1250 1437 1407 1478 dicendi,

92 1482 254 1523 iocandi,
285 1482 471 1515 deridendi
496 1484 666 1527 libertas3
698 1486 800 1517 simul
825 1496 964 1518 morum
987 1485 1212 1528 perditorum
1237 1484 1347 1527 pestis
1374 1486 1412 1514 et

94 1527 207 1558 omnis
231 1528 368 1569 generis
391 1529 494 1569 vitia,
528 1530 597 1561 iam
621 1531 719 1573 prius
744 1531 843 1563 illata
864 1541 931 1575 per
954 1530 1054 1562 bella
1078 1530 1216 1570 civilia,
1244 1530 1292 1560 ita
1316 1538 1412 1559 nunc

95 1582 237 1603 omnem
260 1573 437 1604 civitatem
461 1574 749 1616 inquinaverant,
773 1581 813 1607 ut
837 1586 1012 1619 perquam
1034 1575 1141 1618 pauci
1163 1575 1413 1619 reperirentur

96 1616 140 1647 ab
165 1615 231 1648 hac
257 1617 368 1648 seculi
401 1617 483 1649 labe
522 1619 691 1651 immunes
724 1626 760 1652 et
794 1621 854 1663 qui
886 1620 978 1652 hanc
1010 1621 1195 1653 satirarum
1222 1618 1414 1653 candidam

95 1661 300 1694 libertatem
334 1671 407 1692 non
436 1662 723 1697 reformidarent.
762 1665 887 1708 Neque
922 1666 1035 1697 minus
1066 1666 1135 1697 iam
1157 1670 1236 1697 tota
1259 1673 1414 1708 poeseos

96 1706 273 1738 Romanae
297 1706 388 1738 ratio
414 1712 493 1738 erat
515 1707 717 1750 immutata,
745 1711 779 1741 in
797 1721 865 1753 qua
883 1711 1017 1753 patrius
1041 1711 1147 1743 color
1165 1716 1201 1742 et
1222 1708 1414 1742 vernacula

98 1751 314 1793 antiquitatis
339 1751 513 1783 Romanae
540 1753 678 1784 indoles
713 1755 762 1786 ita
794 1757 1012 1796 evanuisset,
1051 1760 1090 1787 ut
1124 1757 1237 1787 omnis
1271 1755 1347 1785 laus
1370 1762 1415 1783 ex

98 1795 291 1828 artificiosa
317 1795 539 1828 Graecorum
571 1798 765 1837 imitatione
800 1805 995 1843 peteretur.
1032 1800 1115 1832 Non
1150 1801 1255 1842 igitur
1287 1799 1416 1829 mirum

99 1841 203 1873 nobis
228 1841 337 1873 sideri
362 1846 493 1884 potest,
519 1842 563 1873 ab
590 1843 664 1874 aliis
686 1855 728 1876 ea
751 1850 866 1877 aetate
885 1847 1037 1878 nativam
1056 1845 1267 1877 Horatianae
1285 1843 1415 1874 satirae

96 1886 364 1930 vsimplicitatem
389 1891 425 1918 et
449 1891 583 1929 gratam
614 1890 786 1921 sermonis
811 1891 1059 1932 negligentiam
1083 1900 1170 1933 prae
1195 1890 1305 1932 magis
1331 1887 1416 1919 arti-

100 1929 225 1964 ficiosa
257 1931 318 1963 illa
344 1933 538 1964 carminum
562 1934 828 1975 pangendorum
850 1936 988 1967 ratione
1013 1935 1202 1967 fastiditam
1236 1944 1337 1973 esse,
1370 1932 1415 1964 ab

103 1977 180 2008 aliis
203 1981 350 2020 poetam
374 1982 413 2008 ut
435 1977 601 2009 acerbum
617 2001 628 2016 ,
659 1978 828 2020 lividum,
863 1981 1103 2023 perniciosum
1137 1986 1212 2012 esse
1236 1981 1416 2021 vitupera-

104 2024 190 2053 tum.
214 2021 290 2054 Iam
312 2026 439 2054 contra
462 2021 526 2054 hos
557 2023 716 2055 sinistros
750 2034 911 2058 rumores
945 2029 982 2058 et
1011 2034 1121 2069 prava
1150 2025 1283 2058 iudicia
1315 2027 1355 2054 ut
1378 2031 1418 2054 se

106 2187 153 2196 —
173 2182 211 2206 v.
239 2171 313 2215 ¹40·
346 2183 493 2218 peccaro
532 2182 551 2204 e
583 2172 744 2216 plurimis
773 2173 890 2208 Codd.
927 2173 1050 2209 Bentl.
1088 2186 1196 2219 quem
1229 2172 1288 2208 Cf.
1324 2171 1421 2204 Olim

110 2215 301 2261 pleraeque
321 2217 411 2251 Edd.
431 2229 633 2262 peccavero.
