1526 2404
137 170 210 212 132
572 181 613 224 ρ.
639 180 826 209 nonu-n
851 179 1012 214 πωροι

130 278 296 312 Horatius
321 288 401 311 cum
426 286 471 309 eo
495 274 542 310 de
565 275 636 309 hoc
659 287 788 320 genere
813 277 961 310 consilia
983 275 1051 311 hac
1073 276 1223 322 epistola
1259 279 1459 312 communi-

131 330 199 358 cat.
251 323 367 367 Atque
399 323 554 367 primum
579 322 761 366 duplicem
795 321 886 356 hanc
916 322 1052 356 vivendi
1075 323 1250 356 rationem
1274 319 1458 369 proponit,

130 380 280 414 quarum
302 375 451 412 utraque
477 366 602 400 habeat
627 379 697 411 quo
715 379 753 401 se
778 367 1022 410 commendet,
1046 366 1086 400 id
1110 373 1183 410 est,
1200 368 1370 402 -liberum
1394 369 1459 403 sed

129 425 266 459 pauper
292 415 403 446 otium
428 418 462 445 et
475 412 695 446 fructuosam
711 414 913 458 principum
928 413 1128 446 amicitiam.
1154 413 1277 455 (Ver-s,
1290 418 1311 446 1
1324 433 1370 439 -
1383 419 1458 457 12.)

129 460 268 494 Deinde
290 458 467 503 posterius
493 458 563 490 hoc
586 459 675 491 vitae
700 463 808 501 g‘enus
833 458 1017 502 quomodo
1053 460 1147 491 salvo
1181 457 1318 492 honore
1351 466 1458 503 atque

129 505 221 538 adeo
246 516 325 538 cum
352 504 483 537 decore
508 504 628 547 aliquo
653 504 817 537 sustineri
842 504 975 548 possit,
996 500 1178 548 'Aristippi
1212 506 1373 558 exemplo
1398 517 1456 537 os-

128 550 254 583 tendit.
281 550 403 591 (Vers.
429 550 614 592 {3-42.)
650 549 873 581 Postremum
896 554 1018 582 monet
1041 549 1215 591 amicum,
1238 560 1283 582 ne
1309 555 1358 582 ita
1371 561 1457 595 pec-

129 602 208 637 cet,
243 601 281 627 ut
306 595 448 639 plurimi
474 594 644 626 ditiorum
668 595 815 627 comites
841 595 1002 635 soleant,
1036 595 1094 638 qui
1122 594 1225 626 nimis
1248 595 1302 627 rei
1325 605 1455 638 augen-

129 641 196 674 dae
222 641 311 673 avidi
333 640 544 684 importunis
566 645 601 672 et
626 639 889 683 impudentibus
913 639 1078 684 precibus
1102 639 1292 683 pecuniam
1314 640 1456 684 regibus

128 687 200 719 suis
224 692 437 730 extorquere
462 696 535 717 non
559 685 779 718 erubescant.
806 685 930 727 (Ver-s.
956 686 1002 718 43
1026 683 1181 731 odfin.)

132 764 358 826 Quamvis,
387 765 568 816 Scaeva,
598 765 696 805 satis
730 778 810 819 per
836 773 880 805 te
907 765 985 805 tibi
1011 764 1217 816 consulis,
1244 771 1290 805 et
1313 763 1396 805 scis

127 821 227 874 Quo
260 818 429 858 tandem
485 827 577 859 acto
611 819 762 859 deceat
793 818 1021 859 maioribus
1047 818 1133 870 uti,

126 874 279 923 Disce,
310 872 446 912 docen
477 887 525 912 us
554 871 690 911 adhuc
715 886 822 928 quae
853 881 997 912 censet
1022 870 1252 922 amiculus3
1280 877 1329 910 ut
1356 870 1391 910 si

129 929 290 967 Caecus
325 926 408 966 iter
434 934 669 966 monstrare
702 926 822 966 velit:
850 933 990 966 tamen
1017 925 1090 965 ads
1121 925 1210 976 ice,
1237 923 1273 963 si
1301 923 1404 979 quid

126 982 184 1020 Et
211 994 310 1030 nos,
340 979 457 1035 quod
485 993 607 1019 cures
634 979 857 1033 proprium
883 979 1061 1030 fecisse,
1106 991 1324 1033 oquamur.
1392 1016 1395 1019 ,
1429 975 1457 1016 5

127 1035 174 1074 Si
201 1042 244 1073 te
272 1042 390 1088 grata
420 1033 538 1088 quies
569 1041 612 1072 et
636 1033 811 1087 primam
840 1047 1009 1072 somnus
1041 1032 1090 1071 in'
1110 1031 1262 1071 horam

124 1088 322 1126 Delectat
332 1101 344 1137 3
372 1086 407 1125 si
433 1095 476 1126 te
505 1087 644 1141 pulvis
672 1086 959 1142 strepitusque
986 1094 1201 1137 rotarum,

126 1141 173 1179 Si
200 1140 329 1179 laedit
358 1153 567 1191 caupona:
598 1140 872 1178 Ferentinum
900 1141 962 1179 ire
990 1138 1161 1178 iubebo.

123 1195 230 1232 Nam
261 1204 399 1246 neque
429 1192 624 1231 divitibus
654 1192 900 1245 contingunt
926 1192 1076 1245 gaudia
1102 1190 1226 1240 solis,

123 1249 214 1286 Nec
243 1246 345 1286 vixit
371 1246 502 1293 male,
531 1245 604 1299 qui
631 1252 750 1283 natus
778 1244 1047 1298 moriensque
1075 1243 1246 1283 fefellit.
1406 1252 1454 1279 ιο

125 1300 172 1339 Si
200 1300 406 1353 prodesse
438 1298 519 1337 tuis
547 1298 761 1352 pauloque
788 1296 1007 1350 benignius
1035 1297 1173 1350 ipsum

125 1356 189 1393 Te
217 1360 400 1393 tractare
431 1351 569 1402 voles,
598 1350 774 1390 accedes
803 1349 936 1389 siccus
967 1350 1019 1389 ad
1045 1357 1294 1390 unctum.—

125 1407 172 1446 Si
199 1405 428 1460 pranderet
456 1405 548 1443 olus
574 1404 808 1457 patienter,
833 1403 1013 1456 regibus
1034 1404 1097 1460 nti

123 1461 268 1500 Nollet
295 1458 547 1510 Aristippus.
574 1470 629 1487 ·—
657 1457 702 1495 Si
729 1457 857 1496 sciret
883 1456 1055 1511 regibus
1083 1456 1167 1505 uti,

123 1511 352 1553 Fastidiret
379 1511 493 1561 olus,
524 1511 595 1565 qui
622 1525 689 1550 me
716 1518 846 1550 notat.
878 1534 934 1539 —
960 1510 1102 1551 Utrius
1130 1509 1286 1549 horum
1405 1505 1454 1546 15

124 1566 268 1610 Verba
291 1564 447 1618 probes
479 1572 521 1603 et
547 1564 682 1614 facta,
711 1563 846 1614 doce,
871 1564 943 1603 vel
970 1563 1110 1603 iunior
1137 1560 1258 1611 audi,

126 1623 215 1661 Cur
242 1619 295 1657 sit
323 1617 526 1670 Aristippi
553 1618 696 1671 potior
724 1617 942 1656 sententia.
997 1619 1188 1672 Namque

124 1673 370 1714 Mordacem
401 1671 599 1723 Cynicum
627 1670 686 1710 sic
717 1670 937 1722 eludebat,
963 1679 1012 1710 ut
1040 1670 1176 1711 aiunt:

124 1727 308 1767 Scurror
336 1737 418 1777 ego
449 1725 540 1778 ipse
567 1724 690 1773 mihi,
716 1724 877 1778 populo
905 1732 974 1764 tu:
1010 1724 1168 1764 rectius
1189 1719 1277 1760 boc
1304 1725 1349 1758 et

124 1777 394 1834 splendidius
411 1779 543 1818 multo
568 1786 643 1818 est.
680 1779 826 1832 Equus
846 1784 894 1816 ut
914 1791 981 1817 me
1001 1784 1160 1831 portet,
1180 1774 1263 1814 alat
1280 1785 1372 1825 rex,
1399 1782 1469 1819 20,

125 1833 334 1875 Officium
358 1830 492 1871 facio:
521 1840 568 1871 tu
594 1830 734 1886 poscis
765 1831 863 1872 vilia
889 1843 1035 1871 rerum

196 1950 314 1991 XVII,
337 1960 373 1982 v.
399 1957 432 1980 2.
457 1946 560 1979 liceat
580 1958 647 1991 pro
672 1946 796 1981 deceat
815 1947 933 1981 codd.
959 1947 1094 1991 aliquot
1107 1946 1210 1979 Feae.
1228 1963 1275 1971 —
1289 1953 1326 1976 v.
1345 1942 1379 1976 3.
1395 1941 1450 1975 Dc

124 1995 413 2040 interpunctione
443 1992 498 2023 Cf.
533 1992 644 2025 Bentl.
669 2012 716 2019 -—
740 2006 777 2027 v.
807 1995 839 2027 8.
875 1991 997 2025 laedat
1026 1991 1142 2024 Codd.
1173 1989 1308 2033 aliquot
1339 1987 1451 2029 Feae3

124 2040 242 2074 laedet
266 2039 381 2072 Codd.
407 2039 572 2070 'sm-rent.
595 2057 641 2062 —
663 2051 699 2072 v.
731 2040 781 2072 18.
806 2037 979 2071 illudebat
1001 2036 1122 2070 schol.
1141 2035 1248 2077 Cruq.
1272 2051 1319 2058 —
1338 2043 1375 2064 v.
1397 2042 1450 2074 ¹9·

125 2087 271 2119 Bothius
301 2086 421 2117 locum
453 2083 500 2114 ita
534 2084 749 2128 intvrpungit
782 2085 818 2116 in
847 2084 1028 2116 Annottat.
1061 2086 1100 2112 ut
1135 2084 1216 2124 post
1247 2077 1382 2124 populo
1410 2085 1452 2109 tu

125 2138 299 2176 punctum
323 2134 453 2174 ponat,
486 2127 640 2171 itemque
673 2135 755 2173 post
783 2140 859 2163 rex.
892 2128 963 2162 Sed
988 2126 1042 2159 Cf.
1067 2124 1165 2158 Iahn.
1187 2142 1231 2150 —-
1251 2134 1289 2156 v.
1315 2133 1370 2155 αι.
1397 2122 1450 2154 Ita

125 2174 316 2211 Lambinus
341 2174 440 2207 dedit
465 2184 483 2205 e
508 2173 622 2205 Cocld.
648 2185 798 2218 eumque
824 2185 944 2206 omnes
967 2172 1042 2205 sere
1067 2174 1272 2214 sequuntur.
1295 2166 1366 2200 Sed
1380 2167 1451 2218 ξοδ.

126 2223 318 2257 lectionem
345 2221 495 2260 aliorum
521 2218 637 2251 Codd.
661 2225 695 2252 et
718 2220 875 2252 omnium
899 2219 973 2251 sere
995 2222 1075 2249 ante
1090 2213 1300 2248 Lambinum
1311 2211 1447 2245 Editio-

128 2278 211 2299 mun
238 2264 564 2298 revocavitt'vilia:
591 2275 709 2297 verum
733 2276 778 2297 es.
805 2263 874 2298 Sed
900 2263 954 2296 Cf.
979 2259 1081 2295 Both.
1104 2259 1285 2292 Annotatt.
