1526 2404
497 171 733 199 snnxonun
759 171 847 198 mn.
874 157 905 197 1.
937 170 974 198 α.
1343 160 1388 201 13

74 269 143 310 Nil
161 268 292 310 fuerit
310 267 368 308 mi
380 297 393 319 ‚
418 266 575 323 inquit,
604 280 701 307 cum
720 265 922 306 uxoribus
940 279 1121 321 unquam
1147 264 1305 306 alienis.

74 323 239 364 Verum
258 329 323 362 est
338 335 433 362 cum
451 321 606 370 mimis,
635 329 699 360 est
717 334 811 360 cum
835 319 1148 369 meretricibus,
1170 320 1283 360 unde

74 377 111 415 F
115 389 205 415 ama
219 375 372 415 malum
391 374 581 436 graxius,
607 388 731 428 quam
751 387 842 422 res,
870 373 1011 412 trahit.
1039 373 1103 411 An
1122 372 1200 412 tibi
1222 373 1389 414 abunde

74 430 304 468 Personam
329 436 426 467 satis
454 435 540 476 est,
567 441 651 466 non
668 427 794 475 illud,
851 426 1026 481 uidquid
1048 425 1204 481 ubique
1337 428 1389 467 60

77 479 249 532 officit,
276 479 468 521 evitare?
496 482 658 519 Bonam
686 441 923 534 deperdere
950 479 1126 529 famam,

74 535 185 574 Rem
202 534 330 588 patris
351 533 567 583 oblimare,
586 533 740 572 malum
760 543 826 574 est
846 533 1099 587 ubicunque.
1129 532 1245 594 Quid
1263 533 1391 574 inter·

78 589 157 627 Est
182 588 226 627 in
250 595 461 634 matrona,
489 586 635 625 ancilla
660 600 866 640 peccesne
893 585 1066 640 togata?

77 641 230 682 Villius
261 641 303 679 in
331 642 486 679 Fausta
513 639 653 679 Sullae
682 653 834 694 gener,
860 640 946 680 hoc
969 640 1098 679 miser
1121 653 1205 679 uno

77 695 255 733 Nomine
282 694 510 746 deeeptus,
536 706 693 746 poenas
721 693 838 734 dedit
859 706 993 748 usque
1018 706 1233 748 superque
1338 694 1391 735 65

76 746 218 845 l{uam
241 747 337 786 satis
358 754 444 785 est:
474 746 624 800 pugnis
646 759 813 796 caesus,
831 747 1037 801 ferroque
1058 746 1237 799 petitus3

116 800 283 839 xclusus
313 798 433 850 fore,
463 814 601 854 quum,
618 800 708 839 Lon
742 814 890 839 arenus
917 800 1035 839 foret
1058 800 1181 838 intus.

79 853 191 894 Huic
220 852 255 891 si
280 852 460 891 mutonis
487 852 628 892 verbis
655 867 720 891 ma
739 867 762 891 a
787 861 900 892 tanta
925 853 1103 893 videntis

79 907 255 947 Diceret
275 905 382 944 haec
404 906 582 945 animus:
611 905 726 964 Quid
742 906 804 945 vis
824 906 931 946 tibi?
957 904 1162 959 numquid
1179 918 1260 959 ego
1278 919 1302 944 a
1321 913 1366 945 te

77 962 145 999 Ma
178 973 231 998 no
258 966 510 1012 prognatum
537 958 721 1012 deposco
751 960 935 1000 Consule
961 972 1164 1007 cunnum,
1340 971 1394 1010 7o

80 973 362 1066 Vefatumque
391 1011 519 1061 stola,
550 1025 645 1051 mea
673 1027 803 1067 quum
830 1012 1070 1052 conferbuit
1098 1011 1190 1050 ira?

83 1065 199 1127 Quid
223 1064 532 1118 responderet?
566 1066 718 1118 Magno
745 1074 867 1119 patre
893 1074 989 1105 nata
1013 1065 1157 1118 puella
1184 1072 1261 1104 est.

79 1121 138 1158 At
169 1125 323 1172 quanto
349 1118 524 1157 meliora
545 1126 710 1168 monet,
736 1119 1047 1174 pugnantiaque
1074 1118 1186 1170 istis,

81 1171 214 1211 Dives
242 1171 334 1224 opis
363 1179 510 1210 natura
534 1184 657 1221 suae,
684 1179 732 1210 tu
760 1172 795 1211 si
820 1172 948 1212 modo
974 1179 1094 1211 recte

82 1225 338 1278 Dispensare
372 1224 495 1275 velis,
524 1238 572 1263 ac
601 1238 683 1263 non
710 1223 912 1279 fugienda
938 1224 1132 1279 petendis
1343 1222 1399 1274 75

84 1277 341 1317 Immiscere!
372 1279 466 1317 Tuo
493 1277 595 1317 vitio
623 1291 820 1317 rerumne
847 1278 1038 1327 labores,

82 1331 151 1370 Nil
178 1330 344 1370 referre
370 1330 522 1383 putas?
554 1331 718 1389 Quare,
749 1345 804 1370 ne
862 1332 1046 1371 oeniteat
1065 1339 1134 1382 te,

82 1384 239 1423 Desine
265 1392 472 1423 matronas
506 1384 729 1434 sectarier,
757 1399 813 1423 un
846 1399 870 1424 e
895 1385 1051 1424 laboris

84 1437 186 1475 Plus
206 1436 374 1476 haurire
394 1437 490 1476 mali
513 1445 600 1486 est,
629 1450 752 1491 quam
774 1451 826 1476 ex
845 1452 894 1477 re
914 1438 1148 1491 decerpere
1167 1435 1343 1476 fructus.

85 1490 174 1528 Nec
191 1491 321 1542 magis
339 1490 436 1529 huic
447 1520 458 1539 ,
486 1491 632 1530 niveos
658 1491 766 1529 inter
784 1491 1022 1545 viridesque
1039 1490 1203 1544 lapillos
1347 1491 1399 1529 80

88 1541 152 1580 Sit
171 1542 293 1591 licet,
312 1557 337 1582 o
358 1543 556 1582 Cerinihe
569 1573 580 1593 ,
604 1551 678 1582 tuo
700 1551 893 1583 tenerum
916 1553 979 1583 est
1002 1544 1143 1583 femur
1162 1551 1233 1581 aut
1250 1556 1346 1582 crus

87 1595 284 1644 Rectius,
313 1604 437 1649 atque
466 1596 589 1634 etiam
618 1597 765 1635 melius
796 1610 1003 1650 persaepe
1027 1604 1172 1651 togata
1201 1604 1277 1635 est.

88 1647 214 1686 Adde
239 1647 345 1696 huc,
374 1648 488 1701 quod
515 1661 698 1687 mercem
722 1650 809 1688 sine
843 1650 950 1689 lucis
983 1659 1141 1704 gestat3
1178 1658 1348 1702 aperte,

90 1700 220 1762 Quod
243 1701 390 1740 venale
408 1700 555 1749 habet,
584 1701 765 1740 ostendit
778 1717 790 1752 3
817 1716 916 1751 nee,
945 1703 980 1742 si
1002 1703 1103 1758 quid
1123 1702 1291 1741 honesti
1314 1709 1401 1749 est,

88 1754 216 1793 lactat
242 1753 453 1807 habetque
480 1753 638 1806 palam,
669 1755 833 1808 quaerit
858 1770 942 1809 quo
968 1758 1119 1810 turpia
1135 1756 1259 1794 celet.
1347 1755 1401 1794 85

90 1806 280 1861 Regibus
298 1806 367 1845 hic
388 1819 478 1845 mos
504 1814 588 1857 est,
611 1806 683 1846 ubi
703 1821 834 1863 equos
857 1818 1121 1861 mercantur,
1149 1817 1322 1861 opertos

91 1961 138 1968 —-
157 1955 194 1975 v.
219 1944 275 1976 63.
311 1954 472 1987 peccesne
493 1943 653 1975 Lambin.
680 1948 716 1977 et
738 1943 861 1978 Bentl.
896 1956 939 1977 ex
964 1942 1081 1978 Codd.
1109 1945 1205 1977 Olim
1227 1944 1402 1988 plurimae

92 1988 183 2020 Edd.
214 1999 381 2032 peccesve.
416 1988 497 2020 Vid.
521 1987 637 2021 Bentl.
668 2006 714 2014 —
748 1987 897 2022 Comma
928 1997 1011 2033 post
1044 1990 1174 2022 ancilla
1207 1988 1403 2022 delevimus

95 2039 242 2067 auctore
265 2031 449 2065 Heindorf.
479 2044 583 2076 quem
605 2032 659 2065 Cf.
685 2052 729 2059 —
765 2046 801 2066 v.
822 2035 878 2067 68.
907 2034 1035 2067 videnti
1054 2035 1174 2067 Bentl.
1200 2045 1218 2066 c
1243 2034 1404 2077 pluribus

95 2077 211 2110 Codd.
236 2083 274 2111 et
296 2084 383 2111 vett.
407 2078 497 2112 Edd.
527 2078 579 2109 Cf.
606 2077 729 2112 Heind.
765 2097 811 2103 —
842 2090 879 2112 v.
906 2081 961 2113 80.
996 2081 1051 2114 Ita
1073 2081 1194 2112 locum
1218 2090 1260 2111 ex
1286 2078 1404 2110 Codd.

96 2124 282 2157 constituit
305 2123 424 2156 Bentl.
451 2135 556 2167 quem
583 2121 631 2156 V.
666 2124 792 2158 Lectio
825 2125 975 2166 vulgaris
1009 2131 1110 2158 crat:
1149 2124 1219 2168 (Sit
1241 2124 1318 2155 licet
1339 2122 1406 2154 hoc

98 2166 254 2199 Cet-indue
279 2168 414 2211 tuum),
451 2180 470 2200 a
502 2169 575 2200 Fea
609 2175 758 2203 servata.
784 2167 841 2201 Cs.
866 2169 961 2201 Ialin.
987 2169 1146 2210 Scilicet,
1179 2182 1200 2201 ο
1227 2166 1405 2205 Cer-indae,

23 2245 30 2250 ‚
100 2218 160 2242 mo
183 2219 335 2244 tenerum
359 2219 432 2246 etc.
457 2214 551 2246 coni.
576 2212 686 2245 Both.
709 2232 757 2239 —-
779 2225 816 2246 v.
840 2214 897 2247 86.
919 2223 1059 2258 apertos
1082 2215 1205 2259 plures
1228 2212 1344 2245 Codd.
1368 2216 1407 2246 et

100 2260 185 2289 vett.
207 2254 301 2291 Edd.
325 2256 379 2290 Cf.
405 2258 524 2292 Bentl.
