1526 2404
445 186 689 215 summum
717 186 805 212 tm.
835 173 918 224 lv,
946 179 986 221 4.
1314 174 1386 213 123

121 282 207 322 lam
231 281 339 322 lacte
366 281 587 337 depulsum
612 281 794 329 leonem,
1339 279 1388 319 25

169 337 310 376 Dente
336 349 448 376 novo
472 335 683 388 peritura,
708 333 831 374 vidit:
914 338 918 343 “

66 411 227 454 Videre
251 409 395 452 Raetis
421 409 533 450 bella
561 409 638 449 sub
666 408 840 470 Alpibus

66 465 254 505 Drusum
281 471 499 519 gerentem
526 462 755 514 Vindelic13
783 460 935 517 quibus

117 519 210 558 Mos
236 518 348 558 unde
375 517 580 556 deductus
605 529 686 569 per
712 528 836 555 omne

169 573 354 624 Tempus
381 570 609 610 Amazonia
634 568 774 609 securi
1332 582 1384 609 ιω

65 645 247 685 Dextras
275 644 489 694 obarmet‚
514 657 720 698 quaerere
744 643 886 684 distuli
893 657 908 696 3

63 699 154 738 Nec
180 697 289 738 scire
319 697 384 737 fas
412 705 475 736 est
503 697 659 736 omnia:
687 696 764 736 sed
790 696 863 736 diu

115 753 306 806 Lateque
332 749 526 790 victrices
554 758 770 800 catervae,

112 846 121 852 ,
172 803 364 843 Consiliis
389 802 550 843 iuvenis
577 803 786 853 revictae,

65 878 270 927 sensere,
298 879 399 933 quid
424 893 541 918 mens
566 879 670 929 rite,
754 878 798 918 id
823 877 986 919 indoles
1332 878 1387 918 25

64 931 234 983 Nutrita
254 930 400 971 faustis
429 931 507 972 sub
534 894 841 986 penetrailiffbus,

115 987 291 1034 Posset,
316 985 417 1039 quid
444 985 625 1039 Augusti
649 994 849 1039 paternus

167 1038 214 1077 ln
236 1050 393 1091 pueros
421 1038 577 1078 animus
603 1040 807 1079 Nerones.

64 1113 217 1152 Fortes
244 1121 439 1153 creantur
465 1112 648 1154 fortibus
676 1123 720 1155 et
742 1115 886 1155 bonis:

63 1166 143 1205 Est
166 1166 209 1205 in
239 1166 448 1216 iuvencis,
470 1175 535 1206 est
561 1167 603 1206 in
629 1168 770 1223 equis,
796 1177 964 1222 patrum
1336 1166 1391 1207 30

116 1219 284 1270 Virtus,
309 1233 447 1274 neque
470 1219 678 1260 imbellem
699 1221 870 1261 feroces

169 1274 462 1327 Progenerant
492 1273 654 1328 aquilae
684 1274 930 1314 columbam.

64 1347 265 1387 Doctrina
292 1348 369 1388 sed
397 1348 481 1389 vim
493 1353 735 1402 ‘promovet
758 1349 941 1402 insitam,

64 1400 271 1455 Rectique
297 1402 433 1442 cultus
468 1410 642 1455 pectora
667 1400 892 1450 roborant:

116 1453 335 1509 Utcunque
364 1454 566 1495 defecere
594 1468 759 1503 moreS‚
1335 1454 1389 1494 35

170 1506 416 1547 Indecorant
436 1507 545 1548 bene
572 1515 668 1547 nata
695 1507 857 1561 culpae.

66 1577 385 1672 3uidvdebeas‚
414 1596 439 1621 o
468 1583 626 1633 Roma5
652 1583 914 1631 Neronibus,

105 1633 202 1673 estis
227 1635 462 1674 Metaurum
487 1634 668 1687 flumen,
694 1645 737 1676 et
763 1634 1026 1676 Hasdrubal.

65 1780 112 1788 --
134 1775 163 1796 ν.
182 1764 235 1798 15.
260 1775 328 1808 pro
348 1765 438 1798 lacte
462 1768 557 1800 coni.
579 1766 698 1799 Bentl.
723 1777 824 1798 mane
850 1771 909 1798 aut
926 1755 1068 1809 'sponte.
1088 1763 1145 1800 Cf.
1163 1763 1388 1805 Doering.—

68 1820 99 1841 ν.
116 1819 167 1851 ¹7-
192 1807 310 1841 Baetis
334 1812 427 1844 coni.
454 1811 612 1843 Heinsius
637 1815 672 1842 et
697 1810 818 1845 Bentl.
843 1810 1044 1853 eodemque
1073 1808 1247 1854 quaedam
1266 1806 1389 1842 codd.

69 1855 211 1896 vestigia
232 1852 368 1889 ducunt
386 1856 428 1888 V.
450 1856 574 1890 Bentl.
602 1862 638 1889 et
662 1856 744 1888 Fea.
772 1854 844 1889 Sed
868 1866 994 1887 omnes
1016 1855 1091 1888 sere
1112 1853 1233 1887 Codd.
1250 1859 1287 1887 et
1308 1854 1389 1896 plu·

54 1899 175 1930 ·rimae
209 1905 296 1934 vett.
329 1899 423 1934 Edd.
458 1900 596 1932 Rhaeti.
626 1901 726 1932 Unus
760 1900 851 1934 Cod.
883 1899 1007 1934 Bentl.
1051 1905 1087 1934 et
1120 1901 1259 1942 aliquot
1292 1896 1389 1931 Edd.

71 1942 195 1975 Rhoeti
217 1966 250 1976 ..
267 1968 278 1976 .
299 1953 333 1977 et
363 1945 532 1978 Vindelici
550 1946 671 1978 addita
694 1947 839 1989 copula.
874 1945 927 1977 De
952 1947 1147 1988 sci-ipjone
1171 1944 1290 1975 Raetis
1312 1944 1388 1974 sine

70 1989 93 2019 li
113 1998 173 2020 era
196 1990 374 2032 aspirante
400 1990 442 2024 V.
467 1993 550 2023 Fea.
587 1990 639 2022 De
674 1991 759 2023 loco
783 1991 947 2022 universo
973 1990 1056 2024 Vid.
1082 1990 1240 2033 inprimis
1264 1988 1388 2022 Bentl.

69 2050 114 2056 —
135 2044 171 2064 v.
196 2033 250 2076 24.
285 2046 462 2078 repressae
487 2035 603 2068 Bentl.
633 2046 675 2067 ex
709 2036 847 2079 aliquot
881 2032 1007 2068 codd.
1035 2046 1140 2078 quem
1172 2034 1215 2066 V.
1241 2034 1388 2066 collatis

70 2077 233 2119 Doering.
257 2086 294 2113 et
318 2079 414 2113 Iahn.
440 2082 611 2113 revilcltle
634 2078 752 2113 Codd.
775 2081 912 2123 aliquot
927 2077 1045 2113 Vand.
1070 2098 1116 2103 —
1140 2092 1169 2111 ν.
1184 2088 1239 2120 29.
1264 2078 1389 2109 Plures

72 2128 151 2163 post
172 2121 335 2166 sbi-tibus
366 2126 548 2167 incisum,
573 2131 613 2159 nt
647 2124 744 2156 bonis
778 2136 858 2158 cum
882 2126 1035 2157 iuvencis
1057 2125 1305 2166 coniungatur.
1331 2120 1388 2154 Cf.

73 2166 194 2202 Bentl.
217 2168 308 2203 Both
345 2170 532 2205 Annotati.
561 2176 598 2203 et
620 2170 703 2202 Fen.
737 2187 783 2196 —
821 2183 851 2203 ν.
875 2171 929 2203 36.
970 2169 1027 2211 Ita
1056 2169 1178 2201 Bentl.
1213 2178 1233 2200 e
1267 2171 1389 2200 vetere

70 2211 190 2245 Schol.
213 2220 250 2248 et
276 2212 398 2249 Codd.
422 2217 519 2249 Olim
543 2215 636 2257 vulg.
660 2212 898 2250 Dedecet-ant.
