1526 2404
1064 144 1088 154 ’.ι
1097 148 1105 154 .

117 158 172 208 46
560 173 612 213 Q·
638 172 825 200 nonam
851 171 1010 202 umet

117 268 244 301 veteris
263 266 395 300 satirici
415 266 497 298 vitia
520 271 703 309 argueret3
729 265 893 299 acerbior
915 266 1038 300 callosi
1063 266 1315 312 Grammatici‚
1346 281 1452 315 quem

116 313 258 347 nonnisi
281 312 427 345 verbera
448 312 484 343 in
512 311 598 344 ludo
655 322 742 343 uero
772 311 905 344 inflicta
924 311 1204 345 Grammaticum
1230 319 1265 347 et
1294 321 1453 348 veterum

115 363 302 404 poetarum
323 357 574 389 admiratorem
599 357 764 398 effingere
785 362 940 400 possent.
965 356 1011 389 Ut
1030 357 1136 400 igitur
1161 357 1195 389 hi
1211 370 1330 392 versus
1354 360 1452 404 inge-

115 404 216 436 nium
235 413 308 434 non
329 402 395 433 vile
412 400 592 446 produnt,
618 402 666 433 ita
688 401 886 433 orationem
905 412 993 445 prae
1013 412 1050 435 se
1069 402 1187 435 ferunt
1205 404 1351 438 Horatio
1376 416 1453 438 non

115 447 313 490 indignam3
340 452 445 490 atque
469 446 613 478 Catonis
639 446 773 478 mentio
798 451 837 477 ut
858 446 1024 489 viventis,
1049 448 1118 493 qui
1135 447 1318 484 emendare
1342 457 1455 494 parat

116 503 237 526 versus
267 491 397 523 Lucilii
415 491 547 533 arguit,
584 502 658 523 esse
682 502 742 523 eos
770 492 874 523 aetati
905 497 1034 535 poetae
1069 493 1180 527 nostri
1211 494 1451 536 assignandos.

113 538 222 578 Nam,
246 542 285 568 ut
302 536 434 579 Georg.
456 536 638 568 Fabricius
656 536 726 568 iam
747 535 964 578 observavit,
985 538 1113 581 procul
1136 536 1244 570 dubio
1267 539 1357 571 Cato
1380 541 1451 571 Va-

114 582 221 614 let-ius
239 580 499 613 Grammaticus
518 581 751 623 significatur,
778 581 837 624 qui
855 580 949 626 apud
965 581 1174 614 Suetonium
1189 583 1240 615 De
1253 583 1450 617 Grammat-

114 628 239 660 illustr.
257 635 309 659 ιι.
330 626 532 659 nominatur
547 625 679 658 Latina
698 625 819 664 Siren,
846 627 911 678 qui
924 625 1023 658 solus
1040 625 1126 669 legit
1143 637 1187 659 ac
1198 627 1295 671 facit
1309 637 1433 673 poetas
1439 639 1453 669 ,⁶

114 672 173 716 qui
197 670 341 715 quidem
375 681 439 715 per
468 670 600 702 Sullam
626 670 819 703 admodum
848 671 979 703 iuvenis
1003 671 1108 703 bonis
1139 678 1278 715 exutus,
1305 679 1452 707 auctore

114 717 285 749 Suetonio
309 715 353 748 ad
378 726 550 748 summam
569 721 787 749 senectutem
805 716 985 760 pervenit,
1007 721 1047 747 ut
1066 714 1201 748 Horatii
1223 723 1316 752 esset
1334 718 1452 752 adhuc

113 762 280 805 aequalis.
306 760 376 794 Sed
395 771 484 804 quae
509 771 566 793 res
587 759 766 793 adducere
788 761 945 804 potuerit
967 772 1181 804 quemquam
1202 762 1293 795 inter
1314 762 1450 799 Horatii

113 808 276 850 aequales
288 829 298 846 ‚
324 811 362 837 ut
377 806 522 847 satirae,
548 816 638 849 quae
658 811 731 837 tam
746 805 840 838 helle
858 810 891 837 et
911 810 991 848 apte
1010 806 1152 850 incipit,
1178 805 1248 839 hoc
1266 807 1451 844 exordium

112 847 291 886 assueret?
316 851 440 894 Neque
464 851 572 893 magis
592 850 748 893 cogitare
765 851 868 891 licet,
894 850 1078 883 Horatium
1096 851 1212 896 ipsum
1226 852 1354 886 satirae
1371 863 1390 888 a
1412 864 1451 886 se

112 896 158 928 ad
187 896 396 929 umbilicum
431 894 603 928 deductae
633 900 756 939 postea
785 894 878 927 hunc
911 906 1068 938 pannum
1101 895 1290 930 addidisse.
1337 898 1451 930 Nobis

111 941 234 984 utique
257 941 292 973 hi
320 951 437 973 versus
461 951 480 972 a
501 951 605 973 manu
628 940 763 971 Horatii
790 939 942 983 profecti
968 951 1043 973 esse
1068 940 1253 983 videntur,
1285 942 1450 975 destinati

110 986 266 1030 primum
290 985 390 1017 huius
411 986 537 1017 satirae
559 984 728 1025 exordio,
752 984 815 1017 sed
838 990 961 1028 postea
981 985 1126 1027 reiecti,
1151 997 1232 1018 cum
1254 987 1350 1019 aliud
1373 998 1449 1020 ser-

110 1031 226 1063 monis
247 1031 384 1062 initium
404 1030 609 1074 placuisset;
640 1035 699 1061 aut
714 1030 842 1061 inventi
863 1035 944 1073 post
956 1035 1086 1073 poetae
1102 1030 1240 1063 obitum
1255 1037 1295 1064 ut
1315 1033 1448 1076 imper-

110 1076 243 1108 sectum
264 1076 508 1117 cuiuscunque
533 1075 683 1106 satiraex
710 1073 871 1106 eordium
893 1080 926 1107 et
951 1075 995 1106 ab
1018 1075 1138 1119 aliquo
1163 1081 1241 1109 ante
1264 1075 1354 1109 lianc
1365 1077 1448 1109 sati-

109 1130 185 1153 ram
200 1120 385 1161 collocati,
402 1127 482 1151 cum
501 1130 569 1162 qua
585 1118 774 1151 commode
793 1119 957 1162 coniungi
974 1130 1080 1163 posse
1092 1119 1308 1153 viderentur.
1322 1122 1448 1164 Neque

109 1169 228 1196 tamen
243 1164 312 1196 hoc
328 1164 563 1206 fragmentum
583 1164 620 1194 in
638 1164 756 1195 omnia
773 1165 932 1206 exempla
945 1164 1207 1206 assumebatur,
1226 1176 1308 1197 cum
1330 1176 1447 1209 neque

109 1209 146 1242 in
177 1209 360 1249 omnibus,
405 1208 464 1250 qui
495 1219 589 1240 nunc
622 1207 813 1247 hahentur,
851 1208 1033 1240 codicibus
1074 1209 1293 1253 reperiatur,
1332 1222 1448 1253 neque

108 1255 220 1286 ullum
245 1254 317 1286 eius
337 1251 498 1284 scholion
516 1257 614 1285 vetus
635 1257 755 1283 exstet.
790 1252 955 1284 Ceterum
977 1251 1063 1285 haec
1082 1254 1187 1284 satira
1207 1255 1241 1285 X
1264 1253 1446 1288 defensio-

108 1309 190 1331 nem
218 1298 375 1331 continet
400 1297 542 1338 iudicii,
575 1295 673 1340 quod
696 1297 859 1328 Horatius
885 1297 989 1328 satira
1012 1297 1113 1329 huius
1138 1297 1220 1330 libri
1251 1306 1375 1342 quarta
1401 1300 1446 1334 de

107 1343 245 1375 Lucilio
268 1344 398 1374 tulerat
417 1352 435 1373 a
458 1342 638 1373 nonnullis
660 1340 865 1385 reprehensi
891 1341 987 1385 (vid.
1007 1353 1094 1373 vers.
1117 1342 1272 1387 78--80.)
1305 1345 1447 1389 Excipit

108 1388 214 1432 igitur
233 1387 319 1419 haec
336 1387 440 1418 satira
459 1387 601 1418 satiram
622 1391 802 1429 quartam;
827 1385 891 1419 sed
910 1387 1097 1429 quominus
1120 1386 1235 1419 eidem
1252 1389 1445 1432 subiunge-

106 1443 224 1466 remus
247 1431 429 1475 impedivit
450 1442 514 1463 nos
539 1431 726 1463 satirarum
751 1431 864 1473 ordo,
891 1431 950 1474 qui
975 1437 1013 1463 ut
1038 1431 1184 1464 omnino
1209 1433 1252 1464 ab
1279 1434 1445 1470 omnibus

108 1477 335 1518 observatur,
361 1476 410 1507 ita
430 1486 503 1509 non
522 1481 656 1509 temere
679 1476 855 1508 institutus
883 1487 958 1509 esse
978 1475 1131 1513 videtur.
1177 1476 1365 1524 Heindorf:

106 1625 239 1665 Lucili,
264 1635 372 1671 quam
395 1623 443 1655 sis
467 1622 678 1664 mendosus,
704 1632 788 1657 teste
817 1625 952 1658 Catone

105 1670 298 1715 Defensor-e
324 1677 385 1702 tuo
405 1670 628 1712 pervincum,
680 1670 719 1701 ιιί
737 1670 826 1701 male
838 1669 972 1715 fileto-o

103 1713 302 1747 Emendare
324 1721 435 1758 parat
462 1725 592 1746 versus.
661 1726 703 1747 oc
728 1714 842 1747 lenius
864 1715 941 1755 ille,

105 1763 187 1803 Quo
213 1760 334 1791 melior·
361 1759 412 1790 νιί·
432 1757 533 1790 adest
539 1770 553 1798 ,·
574 1759 679 1802 longe
704 1759 868 1793 suhalim·
890 1761 950 1793 illo
963 1783 977 1800 ‚

105 1806 182 1845 Qui
200 1804 349 1837 multam
372 1814 463 1847 puer
488 1811 540 1835 est
560 1803 645 1836 loris
671 1812 706 1836 et
717 1803 876 1848 funibus
901 1804 980 1837 udis

102 1849 308 1888 Emorame,
335 1856 376 1880 ut
399 1856 498 1887 esset,
522 1860 618 1892 opem
643 1848 822 1894 quifirre
844 1851 959 1894 ροέιιζς

102 1894 266 1939 Antiquis
287 1900 407 1937 posset
430 1900 556 1924 contra
568 1892 727 1936 fastiditi
752 1902 902 1934 nostra,

103 1939 420 1971 Grammaticorum
445 1938 600 1982 equitum
623 1936 856 1972 doctissimus.
889 1939 937 1972 Ut
958 1938 1096 1974 redeam
1117 1941 1214 1975 illuc·

163 2079 214 2120 X,
237 2084 319 2116 υ.4»
342 2078 395 2110 Ita
411 2077 501 2110 Cod.
520 2078 673 2112 Berolin.
692 2081 796 2124 Vulg.
820 2081 891 2114 Est
907 2092 979 2126 quo
1000 2080 1050 2113 vir·
1065 2080 1196 2112 melior.
1214 2077 1316 2111 Both.
1339 2079 1434 2112 coni.

100 2123 136 2155 in
161 2123 344 2155 Annotatt.
386 2124 466 2163 Quo
496 2123 617 2155 melim-
639 2126 690 2158 νίν
711 2134 746 2157 et
766 2134 819 2158 est
840 2127 945 2169 longe
967 2125 1131 2157 subtilior·
1151 2126 1230 2157 isto.
1263 2141 1306 2148 -——
1340 2135 1376 2156 v.
1398 2124 1433 2156 6.

98 2168 150 2200 Ita
174 2168 292 2211 plures
323 2166 438 2198 Codd.
460 2167 612 2201 Berolin.
640 2176 677 2203 et
697 2171 800 2203 Feae.
827 2171 930 2214 Vulg.
957 2169 1197 2203 Exlzortatns.
1227 2168 1281 2200 Cf.
1305 2166 1433 2201 Heind.

100 2218 135 2246 et
159 2212 260 2246 Both.
285 2212 469 2245 Annotatt.
494 2228 538 2237 ·—-
