1526 2404
410 206 413 208 ’
463 221 718 249 nus-roma.
742 221 829 248 mn.
849 208 881 247 1.
908 214 968 257 ²4·
1298 215 1375 255 125

68 318 176 351 tolam
200 327 283 352 vere
314 316 361 351 ad
389 317 545 351 villicum
575 316 741 361 scriptam
775 327 871 357 esse,
900 321 939 349 nt
966 316 1083 362 potius
1106 317 1269 352 Horatius
1304 317 1375 354 boc

68 369 270 397 commemo
293 363 341 396 ad
362 363 454 396 ruris
483 368 518 396 et
550 361 648 395 urbis
677 362 977 407 comparationem
1013 363 1261 397 instituendam
1286 375 1374 398 usu,

67 418 143 441 esse
166 408 334 442 videatur.

65 487 218 529 villice
243 487 439 528 silvarum
467 496 511 528 et
535 487 637 527 mihi
661 500 732 526 me
756 487 971 527 reddentis
998 489 1146 543 agelli,

109 554 207 581 uem
235 549 284 581 tu
309 541 494 591 fastidis,
519 540 748 580 habitatum
774 541 960 596 quinque
986 541 1116 591 focis,
1145 550 1212 593 etr

108 595 263 649 uinque
290 593 425 633 bonos
450 594 619 633 solitum
644 593 813 635 Variam
841 593 1051 635 dimittere
1075 604 1240 649 patres,

102 656 309 696 ertemus,
336 647 472 700 spinas
499 648 688 686 animone
715 660 798 701 ego
822 646 1004 697 fortiur,
1027 662 1079 687 an
1105 657 1154 688 tu

62 701 232 741 Evellas
260 713 387 753 agre,
414 709 458 739 et
483 701 635 740 melior
660 700 714 739 sit
739 701 938 740 Horatius
966 715 1017 740 an
1042 715 1126 741 res,
1344 703 1373 743 5

60 756 130 794 Me
156 753 343 808 quamvis
369 753 537 792 Lamiae
564 753 694 806 pietas
725 761 767 792 et
795 766 895 802 eura
920 763 1131 805 moratur,

61 807 255 846 Fratrem
279 807 528 856 moerentis,
554 814 676 859 rapto
703 805 758 845 de
782 805 916 846 fratre
941 808 1121 847 dolentis

61 858 359 898 Insolabiliter:
384 867 523 910 tamen
550 859 658 898 istuc
683 873 800 898 mens
829 860 1070 916 animusque

14 912 18 915 ’
61 913 188 962 Fert,
216 919 260 951 et
283 920 390 951 amat
419 912 559 965 spatiis
591 911 794 951 obstantia
819 927 1020 966 rumpere
1050 915 1245 956 claustra.

60 965 180 1004 Rure
209 977 290 1019 ego
317 965 548 1020 viventem,
574 973 623 1003 tu
654 965 755 1004 dicis
782 965 824 1004 in
851 967 958 1007 urbe
985 967 1170 1008 beatum.
1322 972 1371 1011 io

29 1028 33 1029 ⁷
62 1018 142 1057 Cui
166 1018 625 1071 placet„alte1·ius‚·sua
650 1018 843 1057 nimirum
871 1029 935 1059 est
963 1021 1061 1060 odio
1092 1036 1196 1061 sors.

61 1070 221 1110 Stultus
246 1078 427 1126 uterque
454 1072 595 1111 locum
622 1072 873 1111 immeritum
899 1083 1095 1114 causatur
1120 1075 1262 1130 inique
1270 1090 1285 1128 3

59 1123 106 1162 ln
134 1124 255 1177 culpa
284 1132 348 1165 est
374 1125 558 1175 animus,
583 1125 656 1179 qui
682 1139 728 1164 se
753 1139 839 1165 non
867 1126 958 1166 effu
991 1128 1021 1166 ‘t
1043 1143 1238 1183 unquam.

58 1178 127 1214 'ru
150 1177 415 1216 mediastinus
442 1178 568 1217 tacita
592 1190 723 1231 prece
750 1193 849 1218 rura
873 1189 973 1232 pete
1004 1194 1070 1232 as,

57 1230 177 1269 Nune
202 1229 351 1269 urbem
378 1238 422 1270 et
444 1231 567 1270 ludos
594 1239 639 1269 et
662 1229 810 1270 balnea
835 1234 998 1273 villicus
1026 1244 1160 1289 optas.
1322 1237 1370 1279 15

32 1305 34 1307 ·
57 1282 127 1321 Me
150 1291 340 1322 constare
362 1283 464 1323 mihi
490 1285 592 1334 scis,
618 1292 662 1323 et
687 1284 906 1326 discedere
933 1287 1121 1340 tristem,

58 1333 403 1393 quandocunque
429 1337 598 1387 trahunt
623 1337 753 1377 invisa
778 1339 948 1393 negotia
973 1342 1165 1382 Romam.

55 1390 151 1427 Non
182 1389 329 1428 eadem
356 1391 575 1440 miramur3
601 1403 653 1429 eo
686 1390 946 1432 disconvenit
971 1394 1081 1434 inter

2 1471 6 1473 >
57 1443 126 1480 Me
186 1455 210 1480 e
237 1450 280 1481 et
302 1450 368 1494 te3
395 1458 512 1493 nam,
541 1457 649 1498 quae
677 1443 845 1484 deserta
872 1454 915 1485 et
939 1447 1146 1502 inhospita
1168 1460 1317 1508 tesqua

60 1455 228 1543 Cnffs,
261 1509 433 1535 amoena
458 1505 582 1536 vocat
607 1510 775 1536 meeum
802 1499 875 1552 qui
903 1500 1048 1550 sentit,
1077 1510 1122 1541 et
1149 1505 1238 1544 odit
1316 1519 1369 1545 20

57 1546 182 1636 ssuae
207 1554 255 1585 tu
280 1548 457 1600 pulchra
482 1557 615 1602 putas.
670 1550 706 1588 F
709 1551 830 1589 ornix
856 1551 932 1590 tibi
963 1562 1006 1592 et
1030 1564 1156 1595 uncta
1182 1560 1339 1612 popina

79 1598 265 1638 [mutiunt
289 1599 403 1639 urbis
432 1601 706 1652 desiderium,
734 1603 859 1643 video
872 1634 883 1653 ‚
915 1613 956 1643 et
984 1607 1101 1660 quod

57 1651 246 1705 Angulus
272 1651 351 1691 iste
377 1653 491 1693 feret
514 1654 637 1706 piper
664 1663 708 1694 et
734 1655 831 1694 thus
860 1657 975 1697 ocius
1003 1673 1106 1710 uva,

56 1705 148 1743 Nec
178 1703 312 1744 vicina
337 1707 483 1745 subest
505 1706 647 1746 vinum
673 1707 881 1760 praebere
908 1710 1081 1750 taberna

57 1756 181 1848 guae
211 1758 341 1810 possit
363 1759 459 1807 tibi,
486 1772 563 1798 nec
591 1761 790 1799 meretrix
815 1761 1003 1812 tibicina,
1032 1765 1148 1804 cuius
1315 1770 1368 1810 25

98 1809 127 1848 d
152 1811 372 1863 strepitum
400 1812 519 1850 salias
541 1819 679 1851 terrae
760 1813 865 1852 avis:
904 1823 947 1854 et
973 1823 1111 1857 tamen
1138 1833 1266 1874 urges

57 1862 306 1923 Iampridem
332 1877 414 1903 non
440 1872 550 1904 tacta
575 1865 661 1919 ligo
735 1880 783 1905 us
812 1879 931 1915 arva,
958 1869 1198 1925 bovemque

58 1914 322 1955 Distunctum
350 1931 495 1970 curas,
524 1927 568 1958 et
592 1918 745 1958 strictis
772 1918 993 1960 frondibus
1021 1924 1178 1977 exples.

123 2075 228 2117 XIV,
250 2087 290 2109 v.
319 2087 350 2110 ι.
370 2076 459 2109 mihi
479 2088 531 2108 me
555 2076 760 2111 redimentis
784 2079 879 2112 Cod.'
895 2080 1037 2114 Barthii.
1063 2081 1134 2115 Sed
1156 2082 1239 2115 Vid.
1253 2084 1364 2119 Bentl.

61 2136 107 2144 -
128 2127 221 2152 ἰα-’2.
245 2133 294 2153 an
318 2133 382 2153 rus
408 2123 499 2155 coni.
523 2123 610 2155 Dan.
635 2124 750 2157 Heius.
775 2125 829 2157 Cf.
860 2126 969 2158 Beml.
994 2145 1039 2152 -—
1071 2139 1110 2160 v.
1142 2128 1177 2160 6.
1200 2138 1367 2163 mor-etm-

63 2163 153 2196 eod.
175 2164 353 2207 Lambini,
385 2168 495 2208 Fene,
527 2169 686 2203 aliorum.
710 2188 755 2195 —
774 2181 812 2201 v.
841 2182 872 2213 7.
898 2173 1062 2204 mirantis
1086 2183 1152 2217 pro
1173 2177 1366 2207 moerentis
1396 2200 1407 2217 ,

64 2209 158 2240 coni.
180 2209 281 2242 Both.
303 2229 350 2236 —
371 2223 408 2244 v.
429 2223 464 2254 9.
489 2220 574 2245 avet
597 2225 664 2259 pro
688 2222 785 2246 amat
813 2216 924 2248 Bentl.
955 2217 1054 2251 dedit
1082 2219 1299 2253 coniectura.
1319 2239 1366 2247 —

63 2262 102 2284 υ.
126 2253 181 2286 28.
201 2253 404 2289 deiwwtum
426 2258 585 2299 Lambin„
611 2271 654 2293 ex
674 2266 825 2304 quatuor
849 2261 964 2295 Codd.
