<?xml version="1.0" encoding="UTF-8"?>
<!DOCTYPE html PUBLIC "-//W3C//DTD XHTML 1.0 Transitional//EN"
    "http://www.w3.org/TR/xhtml1/DTD/xhtml1-transitional.dtd">
<html xmlns="http://www.w3.org/1999/xhtml" xml:lang="en" lang="en">
 <head>
  <title>
</title>
<meta http-equiv="Content-Type" content="text/html;charset=utf-8" />
  <meta name='ocr-system' content='tesseract 3.04.00' />
  <meta name='ocr-capabilities' content='ocr_page ocr_carea ocr_par ocr_line ocrx_word'/>
</head>
<body>
  <div class='ocr_page' id='page_1' title='image "./operaomnia01horauoft_0206.png"; bbox 0 0 1526 2404; ppageno 0'>
   <div class='ocr_carea' id='block_1_1' title="bbox 110 187 1003 241">
    <p class='ocr_par' dir='ltr' id='par_1_1' title="bbox 110 187 1003 241">
     <span class='ocr_line' id='line_1_1' title="bbox 110 187 1003 241; baseline 0.001 -13"><span class='ocrx_word' id='word_1_1' title='bbox 110 187 165 228; x_wconf 85' lang='lat'><strong>30</strong></span> <span class='ocrx_word' id='word_1_2' title='bbox 376 210 381 213; x_wconf 86' lang='lat'>-</span> <span class='ocrx_word' id='word_1_3' title='bbox 561 200 602 241; x_wconf 75' lang='lat' dir='ltr'><strong>Q·</strong></span> <span class='ocrx_word' id='word_1_4' title='bbox 631 200 816 228; x_wconf 60' lang='lat' dir='ltr'><strong>nonam</strong></span> <span class='ocrx_word' id='word_1_5' title='bbox 846 201 1003 229; x_wconf 58' lang='lat' dir='ltr'><strong>uacet</strong></span> 
     </span>
    </p>
   </div>
   <div class='ocr_carea' id='block_1_2' title="bbox 102 291 1452 1882">
    <p class='ocr_par' dir='ltr' id='par_1_2' title="bbox 102 291 1452 1882">
     <span class='ocr_line' id='line_1_2' title="bbox 111 291 1447 337; baseline 0.004 -6"><span class='ocrx_word' id='word_1_6' title='bbox 111 292 243 332; x_wconf 85' lang='lat' dir='ltr'><strong>Multa</strong></span> <span class='ocrx_word' id='word_1_7' title='bbox 270 291 455 333; x_wconf 80' lang='lat' dir='ltr'><strong>Cicirrus</strong></span> <span class='ocrx_word' id='word_1_8' title='bbox 491 292 544 333; x_wconf 90' lang='lat' dir='ltr'><strong>ad</strong></span> <span class='ocrx_word' id='word_1_9' title='bbox 571 293 699 334; x_wconf 83' lang='lat' dir='ltr'><strong>haec:</strong></span> <span class='ocrx_word' id='word_1_10' title='bbox 727 294 939 335; x_wconf 86' lang='lat' dir='ltr'><strong>Donasset</strong></span> <span class='ocrx_word' id='word_1_11' title='bbox 964 294 1101 337; x_wconf 86' lang='lat' dir='ltr'><strong>iamne</strong></span> <span class='ocrx_word' id='word_1_12' title='bbox 1128 302 1318 337; x_wconf 86' lang='lat' dir='ltr'><strong>catenam</strong></span> <span class='ocrx_word' id='word_1_13' title='bbox 1393 294 1447 337; x_wconf 85' lang='lat'><strong>65</strong></span> 
     </span>
     <span class='ocr_line' id='line_1_3' title="bbox 111 346 1292 404; baseline 0.003 -20"><span class='ocrx_word' id='word_1_14' title='bbox 111 346 179 384; x_wconf 81' lang='lat' dir='ltr'><strong>Ex</strong></span> <span class='ocrx_word' id='word_1_15' title='bbox 207 353 309 386; x_wconf 88' lang='lat' dir='ltr'><strong>voto</strong></span> <span class='ocrx_word' id='word_1_16' title='bbox 338 346 539 397; x_wconf 83' lang='lat' dir='ltr'><strong>Laribus,</strong></span> <span class='ocrx_word' id='word_1_17' title='bbox 567 347 820 402; x_wconf 84' lang='lat' dir='ltr'><strong>quaerebat;</strong></span> <span class='ocrx_word' id='word_1_18' title='bbox 850 347 987 388; x_wconf 84' lang='lat' dir='ltr'><strong>scriba</strong></span> <span class='ocrx_word' id='word_1_19' title='bbox 1014 349 1130 404; x_wconf 90' lang='lat' dir='ltr'><strong>quod</strong></span> <span class='ocrx_word' id='word_1_20' title='bbox 1157 357 1292 402; x_wconf 86' lang='lat' dir='ltr'><strong>esset,</strong></span> 
     </span>
     <span class='ocr_line' id='line_1_4' title="bbox 111 398 1150 456; baseline 0.007 -20"><span class='ocrx_word' id='word_1_21' title='bbox 111 398 253 437; x_wconf 89' lang='lat' dir='ltr'>Nihilo</span> <span class='ocrx_word' id='word_1_22' title='bbox 284 398 472 440; x_wconf 83' lang='lat' dir='ltr'><strong>deterius</strong></span> <span class='ocrx_word' id='word_1_23' title='bbox 501 400 695 439; x_wconf 86' lang='lat' dir='ltr'><strong>dominae</strong></span> <span class='ocrx_word' id='word_1_24' title='bbox 722 401 787 440; x_wconf 91' lang='lat' dir='ltr'><strong>ius</strong></span> <span class='ocrx_word' id='word_1_25' title='bbox 817 414 925 441; x_wconf 87' lang='lat' dir='ltr'><strong>esse.</strong></span> <span class='ocrx_word' id='word_1_26' title='bbox 953 402 1150 456; x_wconf 88' lang='lat' dir='ltr'><strong>Rogabat</strong></span> 
     </span>
     <span class='ocr_line' id='line_1_5' title="bbox 110 451 1224 508; baseline 0.004 -19"><span class='ocrx_word' id='word_1_27' title='bbox 110 451 333 505; x_wconf 90' lang='lat' dir='ltr'><strong>Denique,</strong></span> <span class='ocrx_word' id='word_1_28' title='bbox 362 467 439 493; x_wconf 88' lang='lat' dir='ltr'><strong>cur</strong></span> <span class='ocrx_word' id='word_1_29' title='bbox 467 466 651 508; x_wconf 87' lang='lat' dir='ltr'><strong>unquam</strong></span> <span class='ocrx_word' id='word_1_30' title='bbox 678 453 891 508; x_wconf 80' lang='lat' dir='ltr'><strong>fugisset?</strong></span> <span class='ocrx_word' id='word_1_31' title='bbox 921 454 990 494; x_wconf 88' lang='lat' dir='ltr'><strong>cui</strong></span> <span class='ocrx_word' id='word_1_32' title='bbox 1017 455 1115 495; x_wconf 80' lang='lat' dir='ltr'><strong>satis</strong></span> <span class='ocrx_word' id='word_1_33' title='bbox 1141 468 1224 496; x_wconf 88' lang='lat' dir='ltr'><strong>una</strong></span> 
     </span>
     <span class='ocr_line' id='line_1_6' title="bbox 112 503 1219 562; baseline 0.006 -20"><span class='ocrx_word' id='word_1_34' title='bbox 112 503 255 543; x_wconf 85' lang='lat' dir='ltr'><strong>Farris</strong></span> <span class='ocrx_word' id='word_1_35' title='bbox 281 504 391 545; x_wconf 88' lang='lat' dir='ltr'><strong>libra</strong></span> <span class='ocrx_word' id='word_1_36' title='bbox 418 505 559 556; x_wconf 87' lang='lat' dir='ltr'><strong>foret,</strong></span> <span class='ocrx_word' id='word_1_37' title='bbox 588 506 736 560; x_wconf 83' lang='lat' dir='ltr'>gracili</span> <span class='ocrx_word' id='word_1_38' title='bbox 763 507 822 548; x_wconf 88' lang='lat' dir='ltr'><strong>sic</strong></span> <span class='ocrx_word' id='word_1_39' title='bbox 851 515 1022 562; x_wconf 86' lang='lat' dir='ltr'><strong>tamque</strong></span> <span class='ocrx_word' id='word_1_40' title='bbox 1081 509 1219 549; x_wconf 87' lang='lat' dir='ltr'><strong>usillo.</strong></span> 
     </span>
     <span class='ocr_line' id='line_1_7' title="bbox 111 557 1448 613; baseline 0.004 -18"><span class='ocrx_word' id='word_1_41' title='bbox 111 557 295 597; x_wconf 84' lang='lat' dir='ltr'><strong>Prorsus</strong></span> <span class='ocrx_word' id='word_1_42' title='bbox 322 558 504 598; x_wconf 87' lang='lat' dir='ltr'><strong>iucunde</strong></span> <span class='ocrx_word' id='word_1_43' title='bbox 532 572 707 599; x_wconf 84' lang='lat' dir='ltr'><strong>coenam</strong></span> <span class='ocrx_word' id='word_1_44' title='bbox 732 559 1010 613; x_wconf 80' lang='lat' dir='ltr'><strong>produximus</strong></span> <span class='ocrx_word' id='word_1_45' title='bbox 1037 561 1164 601; x_wconf 85' lang='lat' dir='ltr'><strong>ilam.</strong></span> <span class='ocrx_word' id='word_1_46' title='bbox 1395 575 1448 612; x_wconf 91' lang='lat'><strong>70</strong></span> 
     </span>
     <span class='ocr_line' id='line_1_8' title="bbox 113 610 1448 668; baseline 0.003 -20"><span class='ocrx_word' id='word_1_47' title='bbox 113 610 344 650; x_wconf 82' lang='lat' dir='ltr'><strong>Tendimus</strong></span> <span class='ocrx_word' id='word_1_48' title='bbox 375 612 472 651; x_wconf 92' lang='lat' dir='ltr'><strong>hinc</strong></span> <span class='ocrx_word' id='word_1_49' title='bbox 500 621 618 651; x_wconf 88' lang='lat' dir='ltr'><strong>recta</strong></span> <span class='ocrx_word' id='word_1_50' title='bbox 644 615 962 663; x_wconf 82' lang='lat' dir='ltr'><strong>Beneventum,</strong></span> <span class='ocrx_word' id='word_1_51' title='bbox 1002 613 1075 653; x_wconf 89' lang='lat' dir='ltr'><strong>ubi</strong></span> <span class='ocrx_word' id='word_1_52' title='bbox 1104 614 1275 659; x_wconf 87' lang='lat' dir='ltr'><strong>sedulus</strong></span> <span class='ocrx_word' id='word_1_53' title='bbox 1290 614 1448 668; x_wconf 83' lang='lat' dir='ltr'><strong>hospes</strong></span> 
     </span>
     <span class='ocr_line' id='line_1_9' title="bbox 111 662 1252 721; baseline 0.005 -20"><span class='ocrx_word' id='word_1_54' title='bbox 111 662 255 702; x_wconf 86' lang='lat' dir='ltr'><strong>Paene</strong></span> <span class='ocrx_word' id='word_1_55' title='bbox 282 678 447 704; x_wconf 87' lang='lat' dir='ltr'><strong>macros</strong></span> <span class='ocrx_word' id='word_1_56' title='bbox 477 665 578 704; x_wconf 83' lang='lat' dir='ltr'><strong>arsit</strong></span> <span class='ocrx_word' id='word_1_57' title='bbox 606 665 707 704; x_wconf 85' lang='lat' dir='ltr'><strong>dum</strong></span> <span class='ocrx_word' id='word_1_58' title='bbox 734 665 883 705; x_wconf 86' lang='lat' dir='ltr'><strong>turdos</strong></span> <span class='ocrx_word' id='word_1_59' title='bbox 914 674 1055 706; x_wconf 83' lang='lat' dir='ltr'><strong>versat</strong></span> <span class='ocrx_word' id='word_1_60' title='bbox 1079 667 1122 706; x_wconf 91' lang='lat' dir='ltr'><strong>in</strong></span> <span class='ocrx_word' id='word_1_61' title='bbox 1149 667 1252 721; x_wconf 83' lang='lat' dir='ltr'><strong>igni.</strong></span> 
     </span>
     <span class='ocr_line' id='line_1_10' title="bbox 111 716 1275 776; baseline 0.007 -23"><span class='ocrx_word' id='word_1_62' title='bbox 111 716 217 754; x_wconf 86' lang='lat' dir='ltr'><strong>Nam</strong></span> <span class='ocrx_word' id='word_1_63' title='bbox 246 730 353 770; x_wconf 85' lang='lat' dir='ltr'><strong>vaga</strong></span> <span class='ocrx_word' id='word_1_64' title='bbox 378 731 460 771; x_wconf 89' lang='lat' dir='ltr'><strong>per</strong></span> <span class='ocrx_word' id='word_1_65' title='bbox 488 725 679 758; x_wconf 85' lang='lat' dir='ltr'><strong>veterem</strong></span> <span class='ocrx_word' id='word_1_66' title='bbox 708 718 870 772; x_wconf 60' lang='lat' dir='ltr'><strong>dilappo</strong></span> <span class='ocrx_word' id='word_1_67' title='bbox 899 717 1066 776; x_wconf 56' lang='lat' dir='ltr'><strong>ssaugrga</strong></span> <span class='ocrx_word' id='word_1_68' title='bbox 1094 721 1275 763; x_wconf 87' lang='lat' dir='ltr'><strong>culinam</strong></span> 
     </span>
     <span class='ocr_line' id='line_1_11' title="bbox 116 764 1236 824; baseline 0.005 -18"><span class='ocrx_word' id='word_1_69' title='bbox 116 767 309 809; x_wconf 81' lang='lat' dir='ltr'><strong>Vulcano</strong></span> <span class='ocrx_word' id='word_1_70' title='bbox 338 785 546 810; x_wconf 91' lang='lat' dir='ltr'><strong>summum</strong></span> <span class='ocrx_word' id='word_1_71' title='bbox 566 771 825 824; x_wconf 80' lang='lat' dir='ltr'><strong>properabat</strong></span> <span class='ocrx_word' id='word_1_72' title='bbox 850 764 1236 816; x_wconf 59' lang='lat' dir='ltr'><strong>lamhemstectum,</strong></span> 
     </span>
     <span class='ocr_line' id='line_1_12' title="bbox 118 820 1450 879; baseline 0.005 -20"><span class='ocrx_word' id='word_1_73' title='bbox 118 820 328 862; x_wconf 83' lang='lat' dir='ltr'><strong>Convivas</strong></span> <span class='ocrx_word' id='word_1_74' title='bbox 358 824 502 864; x_wconf 84' lang='lat' dir='ltr'><strong>avidos</strong></span> <span class='ocrx_word' id='word_1_75' title='bbox 530 837 715 864; x_wconf 83' lang='lat' dir='ltr'><strong>coenam.</strong></span> <span class='ocrx_word' id='word_1_76' title='bbox 731 837 965 879; x_wconf 85' lang='lat' dir='ltr'><strong>servosque</strong></span> <span class='ocrx_word' id='word_1_77' title='bbox 992 825 1190 865; x_wconf 87' lang='lat' dir='ltr'><strong>timentes</strong></span> <span class='ocrx_word' id='word_1_78' title='bbox 1395 825 1450 877; x_wconf 88' lang='lat'><strong>75</strong></span> 
     </span>
     <span class='ocr_line' id='line_1_13' title="bbox 113 875 1420 932; baseline 0.005 -21"><span class='ocrx_word' id='word_1_79' title='bbox 113 875 223 912; x_wconf 87' lang='lat' dir='ltr'><strong>Tum</strong></span> <span class='ocrx_word' id='word_1_80' title='bbox 251 889 429 929; x_wconf 85' lang='lat' dir='ltr'><strong>rapere,</strong></span> <span class='ocrx_word' id='word_1_81' title='bbox 459 885 588 932; x_wconf 87' lang='lat' dir='ltr'><strong>atque</strong></span> <span class='ocrx_word' id='word_1_82' title='bbox 616 890 760 917; x_wconf 88' lang='lat' dir='ltr'><strong>omnes</strong></span> <span class='ocrx_word' id='word_1_83' title='bbox 787 877 1056 931; x_wconf 82' lang='lat' dir='ltr'><strong>restinguere</strong></span> <span class='ocrx_word' id='word_1_84' title='bbox 1085 879 1199 919; x_wconf 84' lang='lat' dir='ltr'><strong>velle</strong></span> <span class='ocrx_word' id='word_1_85' title='bbox 1237 877 1420 919; x_wconf 78' lang='lat' dir='ltr'><strong>videres.</strong></span> 
     </span>
     <span class='ocr_line' id='line_1_14' title="bbox 115 927 1004 983; baseline 0.007 -19"><span class='ocrx_word' id='word_1_86' title='bbox 115 927 266 980; x_wconf 88' lang='lat' dir='ltr'><strong>Incipit</strong></span> <span class='ocrx_word' id='word_1_87' title='bbox 294 942 346 968; x_wconf 83' lang='lat' dir='ltr'><strong>ex</strong></span> <span class='ocrx_word' id='word_1_88' title='bbox 371 930 445 968; x_wconf 94' lang='lat' dir='ltr'><strong>illo</strong></span> <span class='ocrx_word' id='word_1_89' title='bbox 473 939 638 970; x_wconf 87' lang='lat' dir='ltr'><strong>montes</strong></span> <span class='ocrx_word' id='word_1_90' title='bbox 668 930 861 983; x_wconf 77' lang='lat' dir='ltr'><strong>Appulia</strong></span> <span class='ocrx_word' id='word_1_91' title='bbox 880 938 1004 970; x_wconf 89' lang='lat' dir='ltr'><strong>notos</strong></span> 
     </span>
     <span class='ocr_line' id='line_1_15' title="bbox 114 979 1270 1039; baseline 0.004 -19"><span class='ocrx_word' id='word_1_92' title='bbox 114 979 345 1020; x_wconf 82' lang='lat' dir='ltr'><strong>Ostentare</strong></span> <span class='ocrx_word' id='word_1_93' title='bbox 371 982 495 1032; x_wconf 90' lang='lat' dir='ltr'><strong>mihi,</strong></span> <span class='ocrx_word' id='word_1_94' title='bbox 526 997 632 1038; x_wconf 88' lang='lat' dir='ltr'><strong>quos</strong></span> <span class='ocrx_word' id='word_1_95' title='bbox 661 991 801 1023; x_wconf 89' lang='lat' dir='ltr'><strong>torret</strong></span> <span class='ocrx_word' id='word_1_96' title='bbox 828 982 1060 1031; x_wconf 82' lang='lat' dir='ltr'><strong>Atabulus,</strong></span> <span class='ocrx_word' id='word_1_97' title='bbox 1090 991 1134 1023; x_wconf 92' lang='lat' dir='ltr'><strong>et</strong></span> <span class='ocrx_word' id='word_1_98' title='bbox 1162 997 1270 1039; x_wconf 80' lang='lat' dir='ltr'><strong>quos</strong></span> 
     </span>
     <span class='ocr_line' id='line_1_16' title="bbox 112 1033 1206 1088; baseline 0.006 -18"><span class='ocrx_word' id='word_1_99' title='bbox 112 1033 350 1087; x_wconf 81' lang='lat' dir='ltr'><strong>Numquam</strong></span> <span class='ocrx_word' id='word_1_100' title='bbox 381 1049 650 1088; x_wconf 88' lang='lat' dir='ltr'><strong>erepsemus,</strong></span> <span class='ocrx_word' id='word_1_101' title='bbox 674 1036 753 1076; x_wconf 90' lang='lat' dir='ltr'><strong>nisi</strong></span> <span class='ocrx_word' id='word_1_102' title='bbox 771 1050 856 1075; x_wconf 70' lang='lat' dir='ltr'><strong>‘nos</strong></span> <span class='ocrx_word' id='word_1_103' title='bbox 888 1036 1019 1076; x_wconf 85' lang='lat' dir='ltr'><strong>vicina</strong></span> <span class='ocrx_word' id='word_1_104' title='bbox 1047 1037 1206 1077; x_wconf 85' lang='lat' dir='ltr'><strong>Trivici</strong></span> 
     </span>
     <span class='ocr_line' id='line_1_17' title="bbox 114 1085 1450 1140; baseline 0.003 -15"><span class='ocrx_word' id='word_1_105' title='bbox 114 1085 228 1125; x_wconf 86' lang='lat' dir='ltr'><strong>Villa</strong></span> <span class='ocrx_word' id='word_1_106' title='bbox 255 1088 511 1140; x_wconf 83' lang='lat' dir='ltr'><strong>recepisset,</strong></span> <span class='ocrx_word' id='word_1_107' title='bbox 541 1090 764 1128; x_wconf 90' lang='lat' dir='ltr'><strong>lacrimoso</strong></span> <span class='ocrx_word' id='word_1_108' title='bbox 793 1103 877 1128; x_wconf 91' lang='lat' dir='ltr'><strong>non</strong></span> <span class='ocrx_word' id='word_1_109' title='bbox 899 1089 988 1128; x_wconf 90' lang='lat' dir='ltr'><strong>sine</strong></span> <span class='ocrx_word' id='word_1_110' title='bbox 1015 1088 1162 1140; x_wconf 86' lang='lat' dir='ltr'><strong>fumo,</strong></span> <span class='ocrx_word' id='word_1_111' title='bbox 1395 1090 1450 1131; x_wconf 86' lang='grc'><strong>80</strong></span> 
     </span>
     <span class='ocr_line' id='line_1_18' title="bbox 112 1137 1048 1181; baseline 0.006 -6"><span class='ocrx_word' id='word_1_112' title='bbox 112 1137 229 1176; x_wconf 90' lang='lat' dir='ltr'><strong>Udos</strong></span> <span class='ocrx_word' id='word_1_113' title='bbox 260 1151 355 1177; x_wconf 89' lang='lat' dir='ltr'><strong>cum</strong></span> <span class='ocrx_word' id='word_1_114' title='bbox 383 1139 498 1178; x_wconf 90' lang='lat' dir='ltr'><strong>foliis</strong></span> <span class='ocrx_word' id='word_1_115' title='bbox 524 1154 664 1180; x_wconf 86' lang='lat' dir='ltr'><strong>ramos</strong></span> <span class='ocrx_word' id='word_1_116' title='bbox 693 1149 845 1180; x_wconf 87' lang='lat' dir='ltr'><strong>urente</strong></span> <span class='ocrx_word' id='word_1_117' title='bbox 874 1142 1048 1181; x_wconf 88' lang='lat' dir='ltr'><strong>camino.</strong></span> 
     </span>
     <span class='ocr_line' id='line_1_19' title="bbox 113 1190 1250 1247; baseline 0.004 -19"><span class='ocrx_word' id='word_1_118' title='bbox 113 1190 198 1229; x_wconf 86' lang='lat' dir='ltr'><strong>Hic</strong></span> <span class='ocrx_word' id='word_1_119' title='bbox 228 1203 310 1243; x_wconf 83' lang='lat' dir='ltr'><strong>ego</strong></span> <span class='ocrx_word' id='word_1_120' title='bbox 338 1192 585 1231; x_wconf 89' lang='lat' dir='ltr'><strong>mendacem</strong></span> <span class='ocrx_word' id='word_1_121' title='bbox 613 1194 879 1232; x_wconf 87' lang='lat' dir='ltr'><strong>stultissimus</strong></span> <span class='ocrx_word' id='word_1_122' title='bbox 902 1207 1038 1247; x_wconf 91' lang='lat' dir='ltr'><strong>usque</strong></span> <span class='ocrx_word' id='word_1_123' title='bbox 1065 1194 1250 1246; x_wconf 82' lang='lat' dir='ltr'><strong>puellam</strong></span> 
     </span>
     <span class='ocr_line' id='line_1_20' title="bbox 112 1242 1383 1298; baseline 0.003 -17"><span class='ocrx_word' id='word_1_124' title='bbox 112 1242 184 1281; x_wconf 83' lang='lat' dir='ltr'><strong>Ad</strong></span> <span class='ocrx_word' id='word_1_125' title='bbox 208 1243 390 1282; x_wconf 88' lang='lat' dir='ltr'><strong>mediam</strong></span> <span class='ocrx_word' id='word_1_126' title='bbox 417 1253 586 1284; x_wconf 88' lang='lat' dir='ltr'><strong>noctem</strong></span> <span class='ocrx_word' id='word_1_127' title='bbox 623 1254 845 1298; x_wconf 85' lang='lat' dir='ltr'><strong>exspecto:</strong></span> <span class='ocrx_word' id='word_1_128' title='bbox 875 1258 1044 1284; x_wconf 90' lang='lat' dir='ltr'><strong>somnus</strong></span> <span class='ocrx_word' id='word_1_129' title='bbox 1073 1254 1213 1286; x_wconf 81' lang='lat' dir='ltr'><strong>tamen</strong></span> <span class='ocrx_word' id='word_1_130' title='bbox 1241 1244 1383 1285; x_wconf 82' lang='lat' dir='ltr'><strong>aufert</strong></span> 
     </span>
     <span class='ocr_line' id='line_1_21' title="bbox 113 1295 1209 1346; baseline 0.004 -13"><span class='ocrx_word' id='word_1_131' title='bbox 113 1295 325 1335; x_wconf 87' lang='lat' dir='ltr'><strong>Intentum</strong></span> <span class='ocrx_word' id='word_1_132' title='bbox 355 1297 538 1346; x_wconf 71' lang='lat' dir='ltr'><strong>Veneri,</strong></span> <span class='ocrx_word' id='word_1_133' title='bbox 565 1307 656 1338; x_wconf 90' lang='lat' dir='ltr'><strong>tum</strong></span> <span class='ocrx_word' id='word_1_134' title='bbox 684 1298 898 1337; x_wconf 87' lang='lat' dir='ltr'><strong>immundo</strong></span> <span class='ocrx_word' id='word_1_135' title='bbox 928 1298 1087 1337; x_wconf 87' lang='lat' dir='ltr'><strong>somnia</strong></span> <span class='ocrx_word' id='word_1_136' title='bbox 1116 1299 1209 1339; x_wconf 85' lang='lat' dir='ltr'><strong>visu</strong></span> 
     </span>
     <span class='ocr_line' id='line_1_22' title="bbox 102 1348 1446 1405; baseline 0.004 -19"><span class='ocrx_word' id='word_1_137' title='bbox 102 1348 374 1387; x_wconf 49' lang='lat' dir='ltr'><strong>‘Nocturnam</strong></span> <span class='ocrx_word' id='word_1_138' title='bbox 403 1358 566 1390; x_wconf 86' lang='lat' dir='ltr'><strong>vestem</strong></span> <span class='ocrx_word' id='word_1_139' title='bbox 594 1351 805 1390; x_wconf 86' lang='lat' dir='ltr'><strong>maculant</strong></span> <span class='ocrx_word' id='word_1_140' title='bbox 834 1359 1110 1404; x_wconf 85' lang='lat' dir='ltr'><strong>ventremque</strong></span> <span class='ocrx_word' id='word_1_141' title='bbox 1137 1352 1344 1405; x_wconf 87' lang='lat' dir='ltr'><strong>supinum.</strong></span> <span class='ocrx_word' id='word_1_142' title='bbox 1394 1352 1446 1392; x_wconf 82' lang='lat'><strong>85</strong></span> 
     </span>
     <span class='ocr_line' id='line_1_23' title="bbox 113 1399 1245 1492; baseline 0.004 -54"><span class='ocrx_word' id='word_1_143' title='bbox 113 1399 311 1492; x_wconf 54' lang='lat' dir='ltr'><strong>ssuatuor</strong></span> <span class='ocrx_word' id='word_1_144' title='bbox 335 1401 433 1441; x_wconf 89' lang='lat' dir='ltr'><strong>hinc</strong></span> <span class='ocrx_word' id='word_1_145' title='bbox 461 1403 650 1455; x_wconf 81' lang='lat' dir='ltr'><strong>rapimur</strong></span> <span class='ocrx_word' id='word_1_146' title='bbox 678 1403 826 1457; x_wconf 84' lang='lat' dir='ltr'><strong>viginti</strong></span> <span class='ocrx_word' id='word_1_147' title='bbox 855 1411 898 1442; x_wconf 88' lang='lat' dir='ltr'><strong>et</strong></span> <span class='ocrx_word' id='word_1_148' title='bbox 923 1403 1051 1442; x_wconf 86' lang='lat' dir='ltr'><strong>millia</strong></span> <span class='ocrx_word' id='word_1_149' title='bbox 1078 1403 1245 1455; x_wconf 81' lang='lat' dir='ltr'><strong>rhedis,</strong></span> 
     </span>
     <span class='ocr_line' id='line_1_24' title="bbox 160 1453 1265 1510; baseline 0.004 -18"><span class='ocrx_word' id='word_1_150' title='bbox 160 1453 299 1492; x_wconf 88' lang='lat' dir='ltr'><strong>ansuri</strong></span> <span class='ocrx_word' id='word_1_151' title='bbox 327 1454 555 1506; x_wconf 90' lang='lat' dir='ltr'><strong>oppidulo,</strong></span> <span class='ocrx_word' id='word_1_152' title='bbox 586 1456 702 1510; x_wconf 86' lang='lat' dir='ltr'><strong>quod</strong></span> <span class='ocrx_word' id='word_1_153' title='bbox 729 1470 858 1496; x_wconf 72' lang='lat' dir='ltr'><strong>versu</strong></span> <span class='ocrx_word' id='word_1_154' title='bbox 887 1455 1030 1495; x_wconf 84' lang='lat' dir='ltr'><strong>dicere</strong></span> <span class='ocrx_word' id='word_1_155' title='bbox 1065 1469 1151 1496; x_wconf 84' lang='lat' dir='ltr'><strong>non</strong></span> <span class='ocrx_word' id='word_1_156' title='bbox 1177 1466 1265 1508; x_wconf 83' lang='lat' dir='ltr'><strong>cst,</strong></span> 
     </span>
     <span class='ocr_line' id='line_1_25' title="bbox 115 1505 1143 1560; baseline 0.002 -14"><span class='ocrx_word' id='word_1_157' title='bbox 115 1505 252 1560; x_wconf 80' lang='lat' dir='ltr'><strong>Signis</strong></span> <span class='ocrx_word' id='word_1_158' title='bbox 279 1506 487 1559; x_wconf 84' lang='lat' dir='ltr'><strong>perfacile</strong></span> <span class='ocrx_word' id='word_1_159' title='bbox 517 1517 602 1548; x_wconf 89' lang='lat' dir='ltr'><strong>est:</strong></span> <span class='ocrx_word' id='word_1_160' title='bbox 634 1509 748 1548; x_wconf 85' lang='lat' dir='ltr'><strong>venit</strong></span> <span class='ocrx_word' id='word_1_161' title='bbox 775 1508 971 1548; x_wconf 80' lang='lat' dir='ltr'><strong>vilissima</strong></span> <span class='ocrx_word' id='word_1_162' title='bbox 998 1522 1143 1548; x_wconf 89' lang='lat' dir='ltr'><strong>rerum</strong></span> 
     </span>
     <span class='ocr_line' id='line_1_26' title="bbox 115 1559 1266 1615; baseline 0.003 -18"><span class='ocrx_word' id='word_1_163' title='bbox 115 1559 197 1597; x_wconf 92' lang='lat' dir='ltr'><strong>Hic</strong></span> <span class='ocrx_word' id='word_1_164' title='bbox 227 1572 355 1613; x_wconf 82' lang='lat' dir='ltr'><strong>aqua,</strong></span> <span class='ocrx_word' id='word_1_165' title='bbox 383 1560 459 1598; x_wconf 87' lang='lat' dir='ltr'><strong>sed</strong></span> <span class='ocrx_word' id='word_1_166' title='bbox 488 1561 604 1613; x_wconf 86' lang='lat' dir='ltr'><strong>panis</strong></span> <span class='ocrx_word' id='word_1_167' title='bbox 633 1562 761 1615; x_wconf 80' lang='lat' dir='ltr'><strong>longe</strong></span> <span class='ocrx_word' id='word_1_168' title='bbox 789 1561 1124 1614; x_wconf 85' lang='lat' dir='ltr'><strong>pulcherrimus,</strong></span> <span class='ocrx_word' id='word_1_169' title='bbox 1152 1561 1266 1601; x_wconf 83' lang='lat' dir='ltr'><strong>ultra</strong></span> 
     </span>
     <span class='ocr_line' id='line_1_27' title="bbox 116 1611 1452 1667; baseline 0.002 -17"><span class='ocrx_word' id='word_1_170' title='bbox 116 1611 301 1650; x_wconf 82' lang='lat' dir='ltr'><strong>Callidus</strong></span> <span class='ocrx_word' id='word_1_171' title='bbox 329 1618 377 1649; x_wconf 84' lang='lat' dir='ltr'><strong>ut</strong></span> <span class='ocrx_word' id='word_1_172' title='bbox 404 1613 538 1652; x_wconf 82' lang='lat' dir='ltr'><strong>soleat</strong></span> <span class='ocrx_word' id='word_1_173' title='bbox 565 1613 751 1654; x_wconf 85' lang='lat' dir='ltr'><strong>humeris</strong></span> <span class='ocrx_word' id='word_1_174' title='bbox 779 1622 953 1667; x_wconf 86' lang='lat' dir='ltr'><strong>portare</strong></span> <span class='ocrx_word' id='word_1_175' title='bbox 988 1614 1142 1665; x_wconf 82' lang='lat' dir='ltr'><strong>viator3</strong></span> <span class='ocrx_word' id='word_1_176' title='bbox 1399 1626 1452 1667; x_wconf 84' lang='lat'><strong>90</strong></span> 
     </span>
     <span class='ocr_line' id='line_1_28' title="bbox 114 1665 1236 1717; baseline 0.004 -16"><span class='ocrx_word' id='word_1_177' title='bbox 114 1665 220 1702; x_wconf 85' lang='lat' dir='ltr'><strong>Nam</strong></span> <span class='ocrx_word' id='word_1_178' title='bbox 249 1665 403 1702; x_wconf 76' lang='lat' dir='ltr'><strong>Canusi</strong></span> <span class='ocrx_word' id='word_1_179' title='bbox 431 1665 671 1717; x_wconf 86' lang='lat' dir='ltr'><strong>lapidosus,</strong></span> <span class='ocrx_word' id='word_1_180' title='bbox 702 1681 740 1705; x_wconf 76' lang='lat' dir='ltr'><strong>a(</strong></span> <span class='ocrx_word' id='word_1_181' title='bbox 756 1680 835 1706; x_wconf 89' lang='lat' dir='ltr'><strong>uae</strong></span> <span class='ocrx_word' id='word_1_182' title='bbox 864 1680 947 1705; x_wconf 87' lang='lat' dir='ltr'><strong>non</strong></span> <span class='ocrx_word' id='word_1_183' title='bbox 977 1666 1104 1705; x_wconf 88' lang='lat' dir='ltr'><strong>ditior</strong></span> <span class='ocrx_word' id='word_1_184' title='bbox 1130 1681 1236 1706; x_wconf 89' lang='lat' dir='ltr'><strong>urna</strong></span> 
     </span>
     <span class='ocr_line' id='line_1_29' title="bbox 159 1716 1242 1760; baseline 0.006 -6"><span class='ocrx_word' id='word_1_185' title='bbox 159 1716 202 1754; x_wconf 89' lang='lat' dir='ltr'><strong>ui</strong></span> <span class='ocrx_word' id='word_1_186' title='bbox 225 1717 346 1755; x_wconf 88' lang='lat' dir='ltr'><strong>locus</strong></span> <span class='ocrx_word' id='word_1_187' title='bbox 375 1730 398 1754; x_wconf 87' lang='lat' dir='ltr'><strong>a</strong></span> <span class='ocrx_word' id='word_1_188' title='bbox 434 1717 539 1757; x_wconf 86' lang='lat' dir='ltr'><strong>forti</strong></span> <span class='ocrx_word' id='word_1_189' title='bbox 568 1719 722 1759; x_wconf 86' lang='lat' dir='ltr'><strong>Diomc</strong></span> <span class='ocrx_word' id='word_1_190' title='bbox 756 1733 779 1758; x_wconf 92' lang='lat' dir='ltr'><strong>e</strong></span> <span class='ocrx_word' id='word_1_191' title='bbox 809 1727 873 1758; x_wconf 88' lang='lat' dir='ltr'><strong>cst</strong></span> <span class='ocrx_word' id='word_1_192' title='bbox 900 1719 1092 1758; x_wconf 85' lang='lat' dir='ltr'><strong>conditus</strong></span> <span class='ocrx_word' id='word_1_193' title='bbox 1123 1720 1242 1760; x_wconf 85' lang='lat' dir='ltr'><strong>olim.</strong></span> 
     </span>
     <span class='ocr_line' id='line_1_30' title="bbox 153 1767 1212 1811; baseline 0.003 -3"><span class='ocrx_word' id='word_1_194' title='bbox 153 1769 333 1809; x_wconf 75' lang='lat' dir='ltr'><strong>lentibus</strong></span> <span class='ocrx_word' id='word_1_195' title='bbox 361 1767 430 1808; x_wconf 87' lang='lat' dir='ltr'><strong>hic</strong></span> <span class='ocrx_word' id='word_1_196' title='bbox 457 1770 609 1811; x_wconf 80' lang='lat' dir='ltr'><strong>Varius</strong></span> <span class='ocrx_word' id='word_1_197' title='bbox 639 1772 816 1811; x_wconf 86' lang='lat' dir='ltr'><strong>discedit</strong></span> <span class='ocrx_word' id='word_1_198' title='bbox 842 1780 1029 1811; x_wconf 89' lang='lat' dir='ltr'><strong>moestus</strong></span> <span class='ocrx_word' id='word_1_199' title='bbox 1059 1772 1212 1811; x_wconf 88' lang='lat' dir='ltr'><strong>amicis.</strong></span> 
     </span>
     <span class='ocr_line' id='line_1_31' title="bbox 114 1821 1222 1882; baseline 0.001 -20"><span class='ocrx_word' id='word_1_200' title='bbox 114 1822 217 1862; x_wconf 83' lang='lat' dir='ltr'><strong>Inde</strong></span> <span class='ocrx_word' id='word_1_201' title='bbox 245 1821 392 1860; x_wconf 87' lang='lat' dir='ltr'><strong>Rubos</strong></span> <span class='ocrx_word' id='word_1_202' title='bbox 421 1821 526 1863; x_wconf 87' lang='lat' dir='ltr'><strong>fessi</strong></span> <span class='ocrx_word' id='word_1_203' title='bbox 546 1825 842 1878; x_wconf 77' lang='lat' dir='ltr'><strong>pervenimus,</strong></span> <span class='ocrx_word' id='word_1_204' title='bbox 869 1832 1019 1878; x_wconf 73' lang='lat' dir='ltr'><strong>utpote</strong></span> <span class='ocrx_word' id='word_1_205' title='bbox 1047 1825 1222 1882; x_wconf 80' lang='lat' dir='ltr'><strong>longum</strong></span> 
     </span>
    </p>
   </div>
   <div class='ocr_carea' id='block_1_3' title="bbox 113 1978 1449 2206">
    <p class='ocr_par' dir='ltr' id='par_1_3' title="bbox 113 1978 1449 2206">
     <span class='ocr_line' id='line_1_32' title="bbox 113 1978 1447 2031; baseline -0.002 -16"><span class='ocrx_word' id='word_1_206' title='bbox 113 2002 160 2010; x_wconf 88' lang='lat'>—</span> <span class='ocrx_word' id='word_1_207' title='bbox 181 1994 214 2015; x_wconf 86' lang='lat' dir='ltr'><strong>v.</strong></span> <span class='ocrx_word' id='word_1_208' title='bbox 230 1983 288 2025; x_wconf 83' lang='lat'><strong>67.</strong></span> <span class='ocrx_word' id='word_1_209' title='bbox 313 1982 367 2013; x_wconf 84' lang='lat' dir='ltr'><strong>Ita</strong></span> <span class='ocrx_word' id='word_1_210' title='bbox 389 1983 504 2016; x_wconf 85' lang='lat' dir='ltr'><strong>Bentl.</strong></span> <span class='ocrx_word' id='word_1_211' title='bbox 531 1995 549 2016; x_wconf 90' lang='lat' dir='ltr'><strong>e</strong></span> <span class='ocrx_word' id='word_1_212' title='bbox 574 1985 693 2016; x_wconf 79' lang='lat' dir='ltr'><strong>multis</strong></span> <span class='ocrx_word' id='word_1_213' title='bbox 711 1984 828 2017; x_wconf 85' lang='lat' dir='ltr'><strong>Codd.</strong></span> <span class='ocrx_word' id='word_1_214' title='bbox 854 1996 960 2028; x_wconf 83' lang='lat' dir='ltr'><strong>quem</strong></span> <span class='ocrx_word' id='word_1_215' title='bbox 976 1983 1056 2018; x_wconf 85' lang='lat' dir='ltr'><strong>vid.</strong></span> <span class='ocrx_word' id='word_1_216' title='bbox 1082 1983 1154 2015; x_wconf 85' lang='lat' dir='ltr'><strong>Alii</strong></span> <span class='ocrx_word' id='word_1_217' title='bbox 1170 1979 1287 2013; x_wconf 89' lang='lat' dir='ltr'><strong>Codd.</strong></span> <span class='ocrx_word' id='word_1_218' title='bbox 1304 1984 1341 2012; x_wconf 80' lang='lat' dir='ltr'><strong>et</strong></span> <span class='ocrx_word' id='word_1_219' title='bbox 1355 1978 1447 2031; x_wconf 66' lang='lat' dir='ltr'><strong>lidd.</strong></span> 
     </span>
     <span class='ocr_line' id='line_1_33' title="bbox 114 2023 1443 2075; baseline 0 -15"><span class='ocrx_word' id='word_1_220' title='bbox 114 2027 279 2061; x_wconf 75' lang='lat' dir='ltr'><strong>Deterius</strong></span> <span class='ocrx_word' id='word_1_221' title='bbox 303 2026 432 2068; x_wconf 77' lang='lat' dir='ltr'><strong>1u7u&#39;lo‚·</strong></span> <span class='ocrx_word' id='word_1_222' title='bbox 459 2028 565 2060; x_wconf 80' lang='lat' dir='ltr'><strong>Nullo</strong></span> <span class='ocrx_word' id='word_1_223' title='bbox 593 2028 755 2063; x_wconf 73' lang='lat' dir='ltr'><strong>(leem-ius.</strong></span> <span class='ocrx_word' id='word_1_224' title='bbox 786 2030 839 2061; x_wconf 77' lang='lat' dir='ltr'><strong>Cf.</strong></span> <span class='ocrx_word' id='word_1_225' title='bbox 862 2030 946 2062; x_wconf 80' lang='lat' dir='ltr'><strong>Fea.</strong></span> <span class='ocrx_word' id='word_1_226' title='bbox 983 2049 1028 2056; x_wconf 86' lang='lat'><strong>-—</strong></span> <span class='ocrx_word' id='word_1_227' title='bbox 1066 2041 1096 2061; x_wconf 84' lang='lat' dir='ltr'><strong>v.</strong></span> <span class='ocrx_word' id='word_1_228' title='bbox 1125 2036 1179 2069; x_wconf 80' lang='lat'><strong>70·</strong></span> <span class='ocrx_word' id='word_1_229' title='bbox 1214 2023 1443 2075; x_wconf 59' lang='lat' dir='ltr'><strong>prpducffllus</strong></span> 
     </span>
     <span class='ocr_line' id='line_1_34' title="bbox 113 2069 1449 2120; baseline -0.004 -16"><span class='ocrx_word' id='word_1_230' title='bbox 113 2072 227 2104; x_wconf 79' lang='lat' dir='ltr'><strong>Bentl.</strong></span> <span class='ocrx_word' id='word_1_231' title='bbox 247 2083 265 2103; x_wconf 87' lang='lat' dir='ltr'><strong>e</strong></span> <span class='ocrx_word' id='word_1_232' title='bbox 284 2069 405 2105; x_wconf 86' lang='lat' dir='ltr'><strong>Codd.</strong></span> <span class='ocrx_word' id='word_1_233' title='bbox 432 2074 643 2106; x_wconf 67' lang='lat' dir='ltr'><strong>assentiente</strong></span> <span class='ocrx_word' id='word_1_234' title='bbox 670 2074 794 2105; x_wconf 76' lang='lat' dir='ltr'><strong>Heind.</strong></span> <span class='ocrx_word' id='word_1_235' title='bbox 827 2091 873 2098; x_wconf 88' lang='lat'><strong>—-·</strong></span> <span class='ocrx_word' id='word_1_236' title='bbox 911 2086 941 2106; x_wconf 90' lang='lat' dir='ltr'><strong>v.</strong></span> <span class='ocrx_word' id='word_1_237' title='bbox 959 2084 1012 2115; x_wconf 74' lang='lat'><strong>72.</strong></span> <span class='ocrx_word' id='word_1_238' title='bbox 1051 2073 1168 2103; x_wconf 78' lang='lat' dir='ltr'><strong>Paene</strong></span> <span class='ocrx_word' id='word_1_239' title='bbox 1193 2076 1284 2101; x_wconf 71' lang='lat' dir='ltr'><strong>arsit</strong></span> <span class='ocrx_word' id='word_1_240' title='bbox 1306 2080 1449 2120; x_wconf 48' lang='lat' dir='ltr'><strong>maen-os.</strong></span> 
     </span>
     <span class='ocr_line' id='line_1_35' title="bbox 113 2116 1445 2165; baseline -0.003 -17"><span class='ocrx_word' id='word_1_241' title='bbox 113 2117 275 2148; x_wconf 78' lang='lat' dir='ltr'><strong>Lambini</strong></span> <span class='ocrx_word' id='word_1_242' title='bbox 310 2116 400 2147; x_wconf 89' lang='lat' dir='ltr'><strong>Cod.</strong></span> <span class='ocrx_word' id='word_1_243' title='bbox 433 2124 469 2150; x_wconf 86' lang='lat' dir='ltr'><strong>ct</strong></span> <span class='ocrx_word' id='word_1_244' title='bbox 506 2119 596 2149; x_wconf 73' lang='lat' dir='ltr'><strong>alter</strong></span> <span class='ocrx_word' id='word_1_245' title='bbox 630 2119 745 2152; x_wconf 69' lang='lat' dir='ltr'><strong>Bentl.</strong></span> <span class='ocrx_word' id='word_1_246' title='bbox 774 2119 845 2150; x_wconf 76' lang='lat' dir='ltr'><strong>Sed</strong></span> <span class='ocrx_word' id='word_1_247' title='bbox 870 2118 914 2150; x_wconf 88' lang='lat' dir='ltr'><strong>V.</strong></span> <span class='ocrx_word' id='word_1_248' title='bbox 940 2117 1042 2150; x_wconf 74' lang='lat' dir='ltr'><strong>Both.</strong></span> <span class='ocrx_word' id='word_1_249' title='bbox 1075 2117 1257 2147; x_wconf 75' lang='lat' dir='ltr'><strong>Annotatt.</strong></span> <span class='ocrx_word' id='word_1_250' title='bbox 1291 2131 1337 2137; x_wconf 98' lang='lat'><strong>—</strong></span> <span class='ocrx_word' id='word_1_251' title='bbox 1369 2125 1445 2165; x_wconf 40' lang='lat' dir='ltr'><strong>lgr-11</strong></span> 
     </span>
     <span class='ocr_line' id='line_1_36' title="bbox 114 2157 1443 2206; baseline -0.002 -12"><span class='ocrx_word' id='word_1_252' title='bbox 114 2161 230 2194; x_wconf 81' lang='lat' dir='ltr'><strong>Bentl.</strong></span> <span class='ocrx_word' id='word_1_253' title='bbox 257 2172 275 2192; x_wconf 92' lang='lat' dir='ltr'><strong>c</strong></span> <span class='ocrx_word' id='word_1_254' title='bbox 302 2160 418 2192; x_wconf 82' lang='lat' dir='ltr'><strong>Codd.</strong></span> <span class='ocrx_word' id='word_1_255' title='bbox 444 2173 511 2206; x_wconf 82' lang='lat' dir='ltr'><strong>pro</strong></span> <span class='ocrx_word' id='word_1_256' title='bbox 537 2164 629 2204; x_wconf 75' lang='lat' dir='ltr'><strong>igne.</strong></span> <span class='ocrx_word' id='word_1_257' title='bbox 653 2182 699 2187; x_wconf 91' lang='lat'>—</span> <span class='ocrx_word' id='word_1_258' title='bbox 726 2175 755 2195; x_wconf 80' lang='lat' dir='ltr'><strong>v.</strong></span> <span class='ocrx_word' id='word_1_259' title='bbox 773 2164 827 2204; x_wconf 78' lang='lat'><strong>89.</strong></span> <span class='ocrx_word' id='word_1_260' title='bbox 854 2163 949 2195; x_wconf 72' lang='lat' dir='ltr'><strong>ultro</strong></span> <span class='ocrx_word' id='word_1_261' title='bbox 974 2164 1096 2206; x_wconf 83' lang='lat' dir='ltr'><strong>plures</strong></span> <span class='ocrx_word' id='word_1_262' title='bbox 1122 2158 1213 2191; x_wconf 82' lang='lat' dir='ltr'><strong>Edd·</strong></span> <span class='ocrx_word' id='word_1_263' title='bbox 1237 2163 1317 2201; x_wconf 69' lang='lat' dir='ltr'><strong>post</strong></span> <span class='ocrx_word' id='word_1_264' title='bbox 1343 2157 1443 2190; x_wconf 69' lang='lat' dir='ltr'><strong>Aldl·</strong></span> 
     </span>
    </p>
   </div>
   <div class='ocr_carea' id='block_1_4' title="bbox 114 2201 1442 2284">
    <p class='ocr_par' dir='ltr' id='par_1_4' title="bbox 114 2201 1442 2284">
     <span class='ocr_line' id='line_1_37' title="bbox 114 2201 1442 2250; baseline 0 -13"><span class='ocrx_word' id='word_1_265' title='bbox 114 2215 206 2238; x_wconf 87' lang='lat' dir='ltr'><strong>nam.</strong></span> <span class='ocrx_word' id='word_1_266' title='bbox 234 2206 287 2237; x_wconf 72' lang='lat' dir='ltr'><strong>Cf.</strong></span> <span class='ocrx_word' id='word_1_267' title='bbox 305 2205 429 2239; x_wconf 78' lang='lat' dir='ltr'><strong>Heiud.</strong></span> <span class='ocrx_word' id='word_1_268' title='bbox 455 2226 501 2233; x_wconf 92' lang='lat'><strong>—</strong></span> <span class='ocrx_word' id='word_1_269' title='bbox 532 2218 563 2238; x_wconf 82' lang='lat' dir='ltr'><strong>v.</strong></span> <span class='ocrx_word' id='word_1_270' title='bbox 579 2217 635 2249; x_wconf 79' lang='lat'><strong>92.</strong></span> <span class='ocrx_word' id='word_1_271' title='bbox 662 2208 761 2241; x_wconf 87' lang='lat' dir='ltr'><strong>Hunc</strong></span> <span class='ocrx_word' id='word_1_272' title='bbox 782 2218 918 2240; x_wconf 78' lang='lat' dir='ltr'><strong>versum</strong></span> <span class='ocrx_word' id='word_1_273' title='bbox 943 2207 1055 2240; x_wconf 76' lang='lat' dir='ltr'><strong>Bentl.</strong></span> <span class='ocrx_word' id='word_1_274' title='bbox 1083 2215 1148 2250; x_wconf 87' lang='lat' dir='ltr'><strong>pro</strong></span> <span class='ocrx_word' id='word_1_275' title='bbox 1175 2203 1297 2246; x_wconf 78' lang='lat' dir='ltr'><strong>spurio</strong></span> <span class='ocrx_word' id='word_1_276' title='bbox 1323 2201 1442 2234; x_wconf 76' lang='lat' dir='ltr'><strong>habet·</strong></span> 
     </span>
     <span class='ocr_line' id='line_1_38' title="bbox 115 2250 417 2284; baseline 0.003 -2"><span class='ocrx_word' id='word_1_277' title='bbox 115 2250 186 2283; x_wconf 89' lang='lat' dir='ltr'><strong>Sed</strong></span> <span class='ocrx_word' id='word_1_278' title='bbox 213 2250 266 2282; x_wconf 75' lang='lat' dir='ltr'><strong>Cf.</strong></span> <span class='ocrx_word' id='word_1_279' title='bbox 293 2250 417 2284; x_wconf 81' lang='lat' dir='ltr'><strong>lleind.</strong></span> 
     </span>
    </p>
   </div>
  </div>
 </body>
</html>
