<?xml version="1.0" encoding="UTF-8"?>
<!DOCTYPE html PUBLIC "-//W3C//DTD XHTML 1.0 Transitional//EN"
    "http://www.w3.org/TR/xhtml1/DTD/xhtml1-transitional.dtd">
<html xmlns="http://www.w3.org/1999/xhtml" xml:lang="en" lang="en">
 <head>
  <title>
</title>
<meta http-equiv="Content-Type" content="text/html;charset=utf-8" />
  <meta name='ocr-system' content='tesseract 3.04.00' />
  <meta name='ocr-capabilities' content='ocr_page ocr_carea ocr_par ocr_line ocrx_word'/>
</head>
<body>
  <div class='ocr_page' id='page_1' title='image "./operaomnia01horauoft_0171.png"; bbox 0 0 1526 2404; ppageno 0'>
   <div class='ocr_carea' id='block_1_1' title="bbox 518 178 1398 229">
    <p class='ocr_par' dir='ltr' id='par_1_1' title="bbox 518 178 1398 229">
     <span class='ocr_line' id='line_1_1' title="bbox 518 178 1398 229; baseline 0.001 -12"><span class='ocrx_word' id='word_1_1' title='bbox 518 189 697 218; x_wconf 62' lang='lat' dir='ltr'><strong>:eonon</strong></span> <span class='ocrx_word' id='word_1_2' title='bbox 725 190 855 218; x_wconf 69' lang='lat' dir='ltr'><strong>mmm</strong></span> <span class='ocrx_word' id='word_1_3' title='bbox 890 192 949 229; x_wconf 85' lang='lat'><strong>¹7·</strong></span> <span class='ocrx_word' id='word_1_4' title='bbox 1325 178 1398 218; x_wconf 72' lang='lat'><strong>165</strong></span> 
     </span>
    </p>
   </div>
   <div class='ocr_carea' id='block_1_2' title="bbox 26 283 1402 1707">
    <p class='ocr_par' dir='ltr' id='par_1_2' title="bbox 26 283 1402 1707">
     <span class='ocr_line' id='line_1_2' title="bbox 80 283 1029 351; baseline -0.005 -22"><span class='ocrx_word' id='word_1_5' title='bbox 80 284 309 351; x_wconf 60' lang='lat' dir='ltr'><strong>Bel-zupus,</strong></span> <span class='ocrx_word' id='word_1_6' title='bbox 335 293 462 342; x_wconf 74' lang='lat' dir='ltr'><strong>atque</strong></span> <span class='ocrx_word' id='word_1_7' title='bbox 487 292 612 325; x_wconf 87' lang='lat' dir='ltr'><strong>notus</strong></span> <span class='ocrx_word' id='word_1_8' title='bbox 639 285 681 324; x_wconf 87' lang='lat' dir='ltr'><strong>in</strong></span> <span class='ocrx_word' id='word_1_9' title='bbox 710 284 851 326; x_wconf 74' lang='lat' dir='ltr'><strong>vultus</strong></span> <span class='ocrx_word' id='word_1_10' title='bbox 875 283 1029 325; x_wconf 76' lang='lat' dir='ltr'><strong>honor.</strong></span> 
     </span>
     <span class='ocr_line' id='line_1_3' title="bbox 79 337 944 394; baseline -0.006 -12"><span class='ocrx_word' id='word_1_11' title='bbox 79 341 193 383; x_wconf 80' lang='lat' dir='ltr'><strong>Ded1</strong></span> <span class='ocrx_word' id='word_1_12' title='bbox 219 340 317 380; x_wconf 77' lang='lat' dir='ltr'><strong>satis</strong></span> <span class='ocrx_word' id='word_1_13' title='bbox 342 353 447 394; x_wconf 82' lang='lat' dir='ltr'><strong>supe</strong></span> <span class='ocrx_word' id='word_1_14' title='bbox 513 352 556 378; x_wconf 87' lang='lat' dir='ltr'><strong>1e</strong></span> <span class='ocrx_word' id='word_1_15' title='bbox 584 351 815 392; x_wconf 83' lang='lat' dir='ltr'><strong>poenarum</strong></span> <span class='ocrx_word' id='word_1_16' title='bbox 842 337 944 388; x_wconf 89' lang='lat' dir='ltr'><strong>tibi,</strong></span> 
     </span>
     <span class='ocr_line' id='line_1_4' title="bbox 80 390 1399 435; baseline -0.005 0"><span class='ocrx_word' id='word_1_17' title='bbox 80 395 229 435; x_wconf 79' lang='lat' dir='ltr'><strong>Amata</strong></span> <span class='ocrx_word' id='word_1_18' title='bbox 253 394 391 433; x_wconf 78' lang='lat' dir='ltr'><strong>nautis</strong></span> <span class='ocrx_word' id='word_1_19' title='bbox 410 407 452 432; x_wconf 92' lang='lat' dir='ltr'><strong>m</strong></span> <span class='ocrx_word' id='word_1_20' title='bbox 498 401 586 431; x_wconf 89' lang='lat' dir='ltr'><strong>tum</strong></span> <span class='ocrx_word' id='word_1_21' title='bbox 620 399 664 432; x_wconf 85' lang='lat' dir='ltr'><strong>et</strong></span> <span class='ocrx_word' id='word_1_22' title='bbox 689 390 962 431; x_wconf 82' lang='lat' dir='ltr'><strong>institoribus.</strong></span> <span class='ocrx_word' id='word_1_23' title='bbox 1346 402 1399 429; x_wconf 66' lang='grc' dir='ltr'><strong>’.ιο</strong></span> 
     </span>
     <span class='ocr_line' id='line_1_5' title="bbox 79 444 954 497; baseline -0.005 -9"><span class='ocrx_word' id='word_1_24' title='bbox 79 449 117 488; x_wconf 92' lang='lat' dir='ltr'><strong>F</strong></span> <span class='ocrx_word' id='word_1_25' title='bbox 179 448 210 488; x_wconf 84' lang='lat' dir='ltr'><strong>&#39;t</strong></span> <span class='ocrx_word' id='word_1_26' title='bbox 233 447 444 497; x_wconf 74' lang='lat' dir='ltr'><strong>iuventas,</strong></span> <span class='ocrx_word' id='word_1_27' title='bbox 472 454 515 486; x_wconf 90' lang='lat' dir='ltr'><strong>et</strong></span> <span class='ocrx_word' id='word_1_28' title='bbox 543 444 818 490; x_wconf 44' lang='lat' dir='ltr'><strong>verecundus*</strong></span> <span class='ocrx_word' id='word_1_29' title='bbox 834 444 954 485; x_wconf 87' lang='lat' dir='ltr'><strong>color</strong></span> 
     </span>
     <span class='ocr_line' id='line_1_6' title="bbox 80 497 894 556; baseline -0.006 -15"><span class='ocrx_word' id='word_1_30' title='bbox 80 502 147 541; x_wconf 80' lang='lat' dir='ltr'><strong>Re</strong></span> <span class='ocrx_word' id='word_1_31' title='bbox 163 499 269 556; x_wconf 65' lang='lat' dir='ltr'><strong>iquit</strong></span> <span class='ocrx_word' id='word_1_32' title='bbox 295 509 390 540; x_wconf 81' lang='lat' dir='ltr'><strong>ossa</strong></span> <span class='ocrx_word' id='word_1_33' title='bbox 415 499 530 554; x_wconf 86' lang='lat' dir='ltr'><strong>pelle</strong></span> <span class='ocrx_word' id='word_1_34' title='bbox 554 499 705 538; x_wconf 79' lang='lat' dir='ltr'><strong>amicta</strong></span> <span class='ocrx_word' id='word_1_35' title='bbox 730 497 894 549; x_wconf 49' lang='lat' dir='ltr'><strong>luridaf</strong></span> 
     </span>
     <span class='ocr_line' id='line_1_7' title="bbox 63 550 876 607; baseline -0.006 -12"><span class='ocrx_word' id='word_1_36' title='bbox 63 554 182 595; x_wconf 68' lang='lat' dir='ltr'><strong>‘Tuis</strong></span> <span class='ocrx_word' id='word_1_37' title='bbox 209 553 381 607; x_wconf 82' lang='lat' dir='ltr'><strong>capillus</strong></span> <span class='ocrx_word' id='word_1_38' title='bbox 410 552 527 592; x_wconf 88' lang='lat' dir='ltr'><strong>albus</strong></span> <span class='ocrx_word' id='word_1_39' title='bbox 555 559 620 590; x_wconf 85' lang='lat' dir='ltr'><strong>est</strong></span> <span class='ocrx_word' id='word_1_40' title='bbox 646 550 847 591; x_wconf 86' lang='lat' dir='ltr'><strong>odoribus</strong></span> <span class='ocrx_word' id='word_1_41' title='bbox 862 579 876 600; x_wconf 89' lang='lat'><strong>‚</strong></span> 
     </span>
     <span class='ocr_line' id='line_1_8' title="bbox 79 604 968 654; baseline -0.002 -7"><span class='ocrx_word' id='word_1_42' title='bbox 79 607 251 647; x_wconf 87' lang='lat' dir='ltr'><strong>Nullum</strong></span> <span class='ocrx_word' id='word_1_43' title='bbox 278 605 330 646; x_wconf 82' lang='lat' dir='ltr'><strong>ab</strong></span> <span class='ocrx_word' id='word_1_44' title='bbox 357 606 502 654; x_wconf 84' lang='lat' dir='ltr'><strong>labore</strong></span> <span class='ocrx_word' id='word_1_45' title='bbox 528 617 598 644; x_wconf 90' lang='lat' dir='ltr'><strong>me</strong></span> <span class='ocrx_word' id='word_1_46' title='bbox 618 604 794 644; x_wconf 83' lang='lat' dir='ltr'><strong>reclinat</strong></span> <span class='ocrx_word' id='word_1_47' title='bbox 819 604 968 645; x_wconf 88' lang='lat' dir='ltr'><strong>otium.</strong></span> 
     </span>
     <span class='ocr_line' id='line_1_9' title="bbox 81 656 1400 714; baseline -0.003 -14"><span class='ocrx_word' id='word_1_48' title='bbox 81 661 216 714; x_wconf 86' lang='lat' dir='ltr'><strong>Urget</strong></span> <span class='ocrx_word' id='word_1_49' title='bbox 242 659 354 699; x_wconf 90' lang='lat' dir='ltr'><strong>diem</strong></span> <span class='ocrx_word' id='word_1_50' title='bbox 379 673 484 707; x_wconf 80' lang='lat' dir='ltr'><strong>nox,</strong></span> <span class='ocrx_word' id='word_1_51' title='bbox 513 665 556 697; x_wconf 86' lang='lat' dir='ltr'><strong>et</strong></span> <span class='ocrx_word' id='word_1_52' title='bbox 587 657 676 697; x_wconf 90' lang='lat' dir='ltr'><strong>dies</strong></span> <span class='ocrx_word' id='word_1_53' title='bbox 702 665 891 709; x_wconf 86' lang='lat' dir='ltr'><strong>noctem,</strong></span> <span class='ocrx_word' id='word_1_54' title='bbox 918 670 1056 713; x_wconf 83' lang='lat' dir='ltr'><strong>neque</strong></span> <span class='ocrx_word' id='word_1_55' title='bbox 1083 664 1150 698; x_wconf 84' lang='lat' dir='ltr'><strong>est</strong></span> <span class='ocrx_word' id='word_1_56' title='bbox 1347 656 1400 696; x_wconf 73' lang='lat'><strong>25</strong></span> 
     </span>
     <span class='ocr_line' id='line_1_10' title="bbox 80 710 843 765; baseline -0.004 -12"><span class='ocrx_word' id='word_1_57' title='bbox 80 714 245 753; x_wconf 83' lang='lat' dir='ltr'><strong>Levare</strong></span> <span class='ocrx_word' id='word_1_58' title='bbox 270 721 385 752; x_wconf 79' lang='lat' dir='ltr'><strong>tenta</strong></span> <span class='ocrx_word' id='word_1_59' title='bbox 410 710 559 765; x_wconf 88' lang='lat' dir='ltr'><strong>spiritu</strong></span> <span class='ocrx_word' id='word_1_60' title='bbox 582 710 843 764; x_wconf 85' lang='lat' dir='ltr'><strong>praecordia.</strong></span> 
     </span>
     <span class='ocr_line' id='line_1_11' title="bbox 81 763 1049 820; baseline -0.002 -14"><span class='ocrx_word' id='word_1_61' title='bbox 81 767 200 820; x_wconf 81' lang='lat' dir='ltr'><strong>Ergo</strong></span> <span class='ocrx_word' id='word_1_62' title='bbox 227 774 426 819; x_wconf 84' lang='lat' dir='ltr'><strong>negatum</strong></span> <span class='ocrx_word' id='word_1_63' title='bbox 455 763 600 803; x_wconf 80' lang='lat' dir='ltr'><strong>vincor</strong></span> <span class='ocrx_word' id='word_1_64' title='bbox 623 771 671 804; x_wconf 89' lang='lat' dir='ltr'><strong>ut</strong></span> <span class='ocrx_word' id='word_1_65' title='bbox 698 764 867 804; x_wconf 76' lang='lat' dir='ltr'><strong>credam</strong></span> <span class='ocrx_word' id='word_1_66' title='bbox 897 763 1049 816; x_wconf 85' lang='lat' dir='ltr'><strong>miser,</strong></span> 
     </span>
     <span class='ocr_line' id='line_1_12' title="bbox 83 815 897 871; baseline -0.002 -13"><span class='ocrx_word' id='word_1_67' title='bbox 83 818 251 858; x_wconf 86' lang='lat' dir='ltr'><strong>Sabella</strong></span> <span class='ocrx_word' id='word_1_68' title='bbox 274 825 423 871; x_wconf 86' lang='lat' dir='ltr'><strong>pectus</strong></span> <span class='ocrx_word' id='word_1_69' title='bbox 447 815 667 870; x_wconf 60' lang='lat' dir='ltr'><strong>increpare</strong></span> <span class='ocrx_word' id='word_1_70' title='bbox 694 817 897 868; x_wconf 86' lang='lat' dir='ltr'><strong>carmina,</strong></span> 
     </span>
     <span class='ocr_line' id='line_1_13' title="bbox 84 869 857 926; baseline -0.003 -15"><span class='ocrx_word' id='word_1_71' title='bbox 84 872 303 926; x_wconf 84' lang='lat' dir='ltr'><strong>Capntque</strong></span> <span class='ocrx_word' id='word_1_72' title='bbox 333 872 469 910; x_wconf 84' lang='lat' dir='ltr'><strong>Marsa</strong></span> <span class='ocrx_word' id='word_1_73' title='bbox 496 869 673 909; x_wconf 77' lang='lat' dir='ltr'><strong>dissilire</strong></span> <span class='ocrx_word' id='word_1_74' title='bbox 699 870 857 910; x_wconf 79' lang='lat' dir='ltr'><strong>naenia.</strong></span> 
     </span>
     <span class='ocr_line' id='line_1_14' title="bbox 90 921 1401 985; baseline -0.001 -22"><span class='ocrx_word' id='word_1_75' title='bbox 90 924 207 985; x_wconf 77' lang='lat' dir='ltr'><strong>Quid</strong></span> <span class='ocrx_word' id='word_1_76' title='bbox 233 924 406 978; x_wconf 74' lang='lat' dir='ltr'><strong>amplius</strong></span> <span class='ocrx_word' id='word_1_77' title='bbox 428 924 491 963; x_wconf 84' lang='lat' dir='ltr'><strong>vis</strong></span> <span class='ocrx_word' id='word_1_78' title='bbox 502 922 533 962; x_wconf 70' lang='grc' dir='ltr'><strong>ἱ).</strong></span> <span class='ocrx_word' id='word_1_79' title='bbox 550 922 591 963; x_wconf 90' lang='lat' dir='ltr'>O</span> <span class='ocrx_word' id='word_1_80' title='bbox 617 936 756 974; x_wconf 84' lang='lat' dir='ltr'><strong>mare,</strong></span> <span class='ocrx_word' id='word_1_81' title='bbox 786 935 813 962; x_wconf 92' lang='lat' dir='ltr'><strong>o</strong></span> <span class='ocrx_word' id='word_1_82' title='bbox 839 922 976 962; x_wconf 87' lang='lat' dir='ltr'><strong>terra!</strong></span> <span class='ocrx_word' id='word_1_83' title='bbox 1004 921 1159 975; x_wconf 83' lang='lat' dir='ltr'><strong>ardeo,</strong></span> <span class='ocrx_word' id='word_1_84' title='bbox 1346 922 1401 964; x_wconf 86' lang='lat'><strong>30</strong></span> 
     </span>
     <span class='ocr_line' id='line_1_15' title="bbox 83 975 1049 1070; baseline 0 -54"><span class='ocrx_word' id='word_1_85' title='bbox 83 978 297 1070; x_wconf 54' lang='lat' dir='ltr'><strong>guantum</strong></span> <span class='ocrx_word' id='word_1_86' title='bbox 321 990 459 1032; x_wconf 87' lang='lat' dir='ltr'><strong>neque</strong></span> <span class='ocrx_word' id='word_1_87' title='bbox 487 984 578 1015; x_wconf 85' lang='lat' dir='ltr'><strong>atro</strong></span> <span class='ocrx_word' id='word_1_88' title='bbox 606 975 816 1016; x_wconf 80' lang='lat' dir='ltr'><strong>delibutus</strong></span> <span class='ocrx_word' id='word_1_89' title='bbox 841 976 1049 1016; x_wconf 86' lang='lat' dir='ltr'><strong>Hercules</strong></span> 
     </span>
     <span class='ocr_line' id='line_1_16' title="bbox 124 1028 873 1081; baseline -0.003 -11"><span class='ocrx_word' id='word_1_90' title='bbox 124 1031 206 1070; x_wconf 90' lang='lat' dir='ltr'><strong>essi</strong></span> <span class='ocrx_word' id='word_1_91' title='bbox 229 1043 404 1081; x_wconf 86' lang='lat' dir='ltr'><strong>cruore,</strong></span> <span class='ocrx_word' id='word_1_92' title='bbox 433 1043 511 1070; x_wconf 87' lang='lat' dir='ltr'><strong>nec</strong></span> <span class='ocrx_word' id='word_1_93' title='bbox 541 1029 685 1069; x_wconf 84' lang='lat' dir='ltr'><strong>Sicana</strong></span> <span class='ocrx_word' id='word_1_94' title='bbox 706 1028 873 1069; x_wconf 70' lang='lat' dir='ltr'><strong>fervida</strong></span> 
     </span>
     <span class='ocr_line' id='line_1_17' title="bbox 83 1081 1108 1133; baseline -0.002 -10"><span class='ocrx_word' id='word_1_95' title='bbox 83 1085 247 1132; x_wconf 83' lang='lat' dir='ltr'><strong>Furens</strong></span> <span class='ocrx_word' id='word_1_96' title='bbox 272 1083 315 1122; x_wconf 90' lang='lat' dir='ltr'><strong>in</strong></span> <span class='ocrx_word' id='word_1_97' title='bbox 338 1084 472 1122; x_wconf 82' lang='lat' dir='ltr'>Aetna</span> <span class='ocrx_word' id='word_1_98' title='bbox 498 1081 675 1122; x_wconf 83' lang='lat' dir='ltr'><strong>flamma.</strong></span> <span class='ocrx_word' id='word_1_99' title='bbox 730 1084 820 1133; x_wconf 85' lang='lat' dir='ltr'><strong>Tu,</strong></span> <span class='ocrx_word' id='word_1_100' title='bbox 846 1082 982 1122; x_wconf 87' lang='lat' dir='ltr'><strong>donec</strong></span> <span class='ocrx_word' id='word_1_101' title='bbox 1005 1081 1108 1121; x_wconf 83' lang='lat' dir='ltr'><strong>cinis</strong></span> 
     </span>
     <span class='ocr_line' id='line_1_18' title="bbox 82 1128 787 1185; baseline -0.001 -9"><span class='ocrx_word' id='word_1_102' title='bbox 82 1128 294 1176; x_wconf 79' lang='lat' dir='ltr'><strong>Iniu&#39;riosis</strong></span> <span class='ocrx_word' id='word_1_103' title='bbox 321 1135 462 1176; x_wconf 83' lang='lat' dir='ltr'><strong>aridus</strong></span> <span class='ocrx_word' id='word_1_104' title='bbox 490 1136 622 1176; x_wconf 82' lang='lat' dir='ltr'><strong>ventis</strong></span> <span class='ocrx_word' id='word_1_105' title='bbox 648 1134 787 1185; x_wconf 84' lang='lat' dir='ltr'><strong>ferar,</strong></span> 
     </span>
     <span class='ocr_line' id='line_1_19' title="bbox 85 1185 1402 1230; baseline -0.003 0"><span class='ocrx_word' id='word_1_106' title='bbox 85 1190 206 1230; x_wconf 84' lang='lat' dir='ltr'><strong>Cales</strong></span> <span class='ocrx_word' id='word_1_107' title='bbox 236 1189 406 1229; x_wconf 79' lang='lat' dir='ltr'><strong>venenis</strong></span> <span class='ocrx_word' id='word_1_108' title='bbox 433 1187 599 1229; x_wconf 86' lang='lat' dir='ltr'><strong>officina</strong></span> <span class='ocrx_word' id='word_1_109' title='bbox 628 1188 848 1229; x_wconf 84' lang='lat' dir='ltr'><strong>Colchicis.</strong></span> <span class='ocrx_word' id='word_1_110' title='bbox 1159 1199 1168 1203; x_wconf 64' lang='grc'><em>“</em></span> <span class='ocrx_word' id='word_1_111' title='bbox 1348 1185 1402 1227; x_wconf 85' lang='grc'><strong>35</strong></span> 
     </span>
     <span class='ocr_line' id='line_1_20' title="bbox 85 1239 1156 1301; baseline -0.003 -19"><span class='ocrx_word' id='word_1_112' title='bbox 85 1243 207 1301; x_wconf 74' lang='lat' dir='ltr'><strong>Quae</strong></span> <span class='ocrx_word' id='word_1_113' title='bbox 232 1240 353 1281; x_wconf 84' lang='lat' dir='ltr'><strong>finis?</strong></span> <span class='ocrx_word' id='word_1_114' title='bbox 374 1249 445 1281; x_wconf 86' lang='lat' dir='ltr'><strong>aut</strong></span> <span class='ocrx_word' id='word_1_115' title='bbox 469 1242 584 1297; x_wconf 86' lang='lat' dir='ltr'><strong>quod</strong></span> <span class='ocrx_word' id='word_1_116' title='bbox 613 1256 681 1282; x_wconf 91' lang='lat' dir='ltr'><strong>me</strong></span> <span class='ocrx_word' id='word_1_117' title='bbox 708 1249 849 1282; x_wconf 86' lang='lat' dir='ltr'><strong>manet</strong></span> <span class='ocrx_word' id='word_1_118' title='bbox 874 1239 1156 1295; x_wconf 73' lang='lat' dir='ltr'><strong>stipendium?</strong></span> 
     </span>
     <span class='ocr_line' id='line_1_21' title="bbox 83 1293 984 1349; baseline -0.004 -12"><span class='ocrx_word' id='word_1_119' title='bbox 83 1296 250 1338; x_wconf 83' lang='lat' dir='ltr'><strong>Effare:</strong></span> <span class='ocrx_word' id='word_1_120' title='bbox 278 1295 406 1334; x_wconf 83' lang='lat' dir='ltr'><strong>iussas</strong></span> <span class='ocrx_word' id='word_1_121' title='bbox 433 1308 527 1335; x_wconf 84' lang='lat' dir='ltr'><strong>cum</strong></span> <span class='ocrx_word' id='word_1_122' title='bbox 553 1293 638 1334; x_wconf 87' lang='lat' dir='ltr'><strong>fide</strong></span> <span class='ocrx_word' id='word_1_123' title='bbox 662 1309 820 1349; x_wconf 87' lang='lat' dir='ltr'><strong>poenas</strong></span> <span class='ocrx_word' id='word_1_124' title='bbox 849 1296 984 1346; x_wconf 84' lang='lat' dir='ltr'><strong>luam3</strong></span> 
     </span>
     <span class='ocr_line' id='line_1_22' title="bbox 84 1348 854 1402; baseline -0.003 -13"><span class='ocrx_word' id='word_1_125' title='bbox 84 1353 262 1390; x_wconf 85' lang='lat' dir='ltr'><strong>Paratus</strong></span> <span class='ocrx_word' id='word_1_126' title='bbox 289 1348 479 1402; x_wconf 78' lang='lat' dir='ltr'><strong>expiare,</strong></span> <span class='ocrx_word' id='word_1_127' title='bbox 507 1362 583 1388; x_wconf 91' lang='lat' dir='ltr'><strong>seu</strong></span> <span class='ocrx_word' id='word_1_128' title='bbox 609 1349 854 1402; x_wconf 87' lang='lat' dir='ltr'><strong>poposceris</strong></span> 
     </span>
     <span class='ocr_line' id='line_1_23' title="bbox 88 1401 963 1454; baseline -0.003 -11"><span class='ocrx_word' id='word_1_129' title='bbox 88 1404 264 1443; x_wconf 84' lang='lat' dir='ltr'><strong>Centum</strong></span> <span class='ocrx_word' id='word_1_130' title='bbox 291 1401 514 1453; x_wconf 81' lang='lat' dir='ltr'><strong>iuvencos,</strong></span> <span class='ocrx_word' id='word_1_131' title='bbox 542 1402 630 1440; x_wconf 79' lang='lat' dir='ltr'><strong>sive</strong></span> <span class='ocrx_word' id='word_1_132' title='bbox 659 1402 848 1441; x_wconf 84' lang='lat' dir='ltr'><strong>mendaci</strong></span> <span class='ocrx_word' id='word_1_133' title='bbox 872 1401 963 1454; x_wconf 79' lang='lat' dir='ltr'><strong>lyra</strong></span> 
     </span>
     <span class='ocr_line' id='line_1_24' title="bbox 85 1454 1401 1508; baseline -0.003 -11"><span class='ocrx_word' id='word_1_134' title='bbox 85 1456 217 1497; x_wconf 86' lang='lat' dir='ltr'><strong>Voles</strong></span> <span class='ocrx_word' id='word_1_135' title='bbox 245 1455 383 1494; x_wconf 84' lang='lat' dir='ltr'><strong>sonari</strong></span> <span class='ocrx_word' id='word_1_136' title='bbox 392 1469 405 1505; x_wconf 83' lang='lat'>3</span> <span class='ocrx_word' id='word_1_137' title='bbox 430 1463 479 1494; x_wconf 82' lang='lat' dir='ltr'><strong>tu</strong></span> <span class='ocrx_word' id='word_1_138' title='bbox 503 1455 677 1508; x_wconf 81' lang='lat' dir='ltr'><strong>pudica,</strong></span> <span class='ocrx_word' id='word_1_139' title='bbox 704 1462 751 1494; x_wconf 85' lang='lat' dir='ltr'><strong>tu</strong></span> <span class='ocrx_word' id='word_1_140' title='bbox 775 1454 936 1508; x_wconf 84' lang='lat' dir='ltr'><strong>proba,</strong></span> <span class='ocrx_word' id='word_1_141' title='bbox 1348 1458 1401 1501; x_wconf 80' lang='lat'><strong>40</strong></span> 
     </span>
     <span class='ocr_line' id='line_1_25' title="bbox 86 1507 893 1552; baseline -0.001 -4"><span class='ocrx_word' id='word_1_142' title='bbox 86 1507 400 1548; x_wconf 78' lang='lat' dir='ltr'><strong>Perambulabis</strong></span> <span class='ocrx_word' id='word_1_143' title='bbox 430 1516 539 1548; x_wconf 79' lang='lat' dir='ltr'><strong>astra</strong></span> <span class='ocrx_word' id='word_1_144' title='bbox 564 1507 677 1547; x_wconf 89' lang='lat' dir='ltr'><strong>sidus</strong></span> <span class='ocrx_word' id='word_1_145' title='bbox 705 1522 893 1552; x_wconf 74' lang='lat' dir='ltr'><strong>aureum,</strong></span> 
     </span>
     <span class='ocr_line' id='line_1_26' title="bbox 26 1560 996 1613; baseline 0.001 -14"><span class='ocrx_word' id='word_1_146' title='bbox 26 1610 31 1613; x_wconf 63' lang='lat'>‚</span> <span class='ocrx_word' id='word_1_147' title='bbox 86 1560 253 1600; x_wconf 77' lang='lat' dir='ltr'><strong>Infamis</strong></span> <span class='ocrx_word' id='word_1_148' title='bbox 278 1561 466 1610; x_wconf 85' lang='lat' dir='ltr'><strong>Helenae</strong></span> <span class='ocrx_word' id='word_1_149' title='bbox 490 1562 639 1610; x_wconf 80' lang='lat' dir='ltr'><strong>Castor</strong></span> <span class='ocrx_word' id='word_1_150' title='bbox 665 1560 851 1600; x_wconf 82' lang='lat' dir='ltr'><strong>offensus</strong></span> <span class='ocrx_word' id='word_1_151' title='bbox 880 1561 996 1611; x_wconf 68' lang='lat' dir='ltr'><strong>vice,</strong></span> 
     </span>
     <span class='ocr_line' id='line_1_27' title="bbox 87 1613 1023 1668; baseline 0.002 -15"><span class='ocrx_word' id='word_1_152' title='bbox 87 1615 124 1653; x_wconf 90' lang='lat' dir='ltr'><strong>F</strong></span> <span class='ocrx_word' id='word_1_153' title='bbox 125 1621 321 1667; x_wconf 87' lang='lat' dir='ltr'><strong>raterque</strong></span> <span class='ocrx_word' id='word_1_154' title='bbox 347 1614 486 1666; x_wconf 85' lang='lat' dir='ltr'><strong>magni</strong></span> <span class='ocrx_word' id='word_1_155' title='bbox 513 1613 717 1662; x_wconf 72' lang='lat' dir='ltr'><strong>Castoris,</strong></span> <span class='ocrx_word' id='word_1_156' title='bbox 744 1614 845 1652; x_wconf 70' lang='lat' dir='ltr'><strong>w&#39;cti</strong></span> <span class='ocrx_word' id='word_1_157' title='bbox 870 1627 1023 1668; x_wconf 83' lang='lat' dir='ltr'><strong>prece,</strong></span> 
     </span>
     <span class='ocr_line' id='line_1_28' title="bbox 88 1665 822 1707; baseline -0.001 0"><span class='ocrx_word' id='word_1_158' title='bbox 88 1666 268 1707; x_wconf 80' lang='lat' dir='ltr'><strong>Ademta</strong></span> <span class='ocrx_word' id='word_1_159' title='bbox 293 1665 378 1705; x_wconf 80' lang='lat' dir='ltr'><strong>vati</strong></span> <span class='ocrx_word' id='word_1_160' title='bbox 400 1666 627 1706; x_wconf 87' lang='lat' dir='ltr'><strong>reddidere</strong></span> <span class='ocrx_word' id='word_1_161' title='bbox 656 1667 822 1706; x_wconf 87' lang='lat' dir='ltr'><strong>lumina.</strong></span> 
     </span>
    </p>
   </div>
   <div class='ocr_carea' id='block_1_3' title="bbox 99 1753 334 1764">
    <p class='ocr_par' dir='ltr' id='par_1_3' title="bbox 99 1753 334 1764">
     <span class='ocr_line' id='line_1_29' title="bbox 99 1753 334 1764; baseline 0 640"><span class='ocrx_word' id='word_1_162' title='bbox 99 1753 334 1764; x_wconf 95' lang='lat' dir='ltr'><strong> </strong></span> 
     </span>
    </p>
   </div>
   <div class='ocr_carea' id='block_1_4' title="bbox 62 1795 1405 2146">
    <p class='ocr_par' dir='ltr' id='par_1_4' title="bbox 62 1795 1405 2146">
     <span class='ocr_line' id='line_1_30' title="bbox 87 1795 1403 1842; baseline -0.001 -12"><span class='ocrx_word' id='word_1_163' title='bbox 87 1817 136 1825; x_wconf 90' lang='lat'><strong>—</strong></span> <span class='ocrx_word' id='word_1_164' title='bbox 152 1810 184 1830; x_wconf 85' lang='lat' dir='ltr'><strong>v.</strong></span> <span class='ocrx_word' id='word_1_165' title='bbox 211 1799 262 1832; x_wconf 89' lang='grc' dir='ltr'><strong>ι8.</strong></span> <span class='ocrx_word' id='word_1_166' title='bbox 286 1797 432 1829; x_wconf 80' lang='lat' dir='ltr'><strong>Relatus</strong></span> <span class='ocrx_word' id='word_1_167' title='bbox 453 1806 521 1840; x_wconf 88' lang='lat' dir='ltr'><strong>pro</strong></span> <span class='ocrx_word' id='word_1_168' title='bbox 547 1795 706 1840; x_wconf 77' lang='lat' dir='ltr'><strong>relapsus</strong></span> <span class='ocrx_word' id='word_1_169' title='bbox 730 1798 867 1842; x_wconf 82' lang='lat' dir='ltr'><strong>aliquot</strong></span> <span class='ocrx_word' id='word_1_170' title='bbox 894 1798 1010 1831; x_wconf 83' lang='lat' dir='ltr'><strong>Codd.</strong></span> <span class='ocrx_word' id='word_1_171' title='bbox 1034 1804 1072 1831; x_wconf 82' lang='lat' dir='ltr'><strong>et</strong></span> <span class='ocrx_word' id='word_1_172' title='bbox 1092 1798 1183 1830; x_wconf 86' lang='lat' dir='ltr'><strong>Edd.</strong></span> <span class='ocrx_word' id='word_1_173' title='bbox 1206 1802 1292 1829; x_wconf 76' lang='lat' dir='ltr'><strong>vett.</strong></span> <span class='ocrx_word' id='word_1_174' title='bbox 1318 1797 1403 1829; x_wconf 72' lang='lat' dir='ltr'><strong>vid.</strong></span> 
     </span>
     <span class='ocr_line' id='line_1_31' title="bbox 89 1842 1403 1878; baseline -0.002 -2"><span class='ocrx_word' id='word_1_175' title='bbox 89 1843 205 1876; x_wconf 85' lang='lat' dir='ltr'><strong>Bentl.</strong></span> <span class='ocrx_word' id='word_1_176' title='bbox 229 1862 275 1868; x_wconf 89' lang='lat'>—</span> <span class='ocrx_word' id='word_1_177' title='bbox 297 1854 327 1874; x_wconf 87' lang='lat' dir='ltr'><strong>v.</strong></span> <span class='ocrx_word' id='word_1_178' title='bbox 347 1853 401 1874; x_wconf 61' lang='grc' dir='ltr'><strong>τι.</strong></span> <span class='ocrx_word' id='word_1_179' title='bbox 425 1853 505 1873; x_wconf 84' lang='lat' dir='ltr'><strong>ossa</strong></span> <span class='ocrx_word' id='word_1_180' title='bbox 531 1852 651 1874; x_wconf 87' lang='lat' dir='ltr'><strong>omnes</strong></span> <span class='ocrx_word' id='word_1_181' title='bbox 676 1842 788 1875; x_wconf 83' lang='lat' dir='ltr'><strong>Codd.</strong></span> <span class='ocrx_word' id='word_1_182' title='bbox 813 1856 878 1875; x_wconf 77' lang='lat' dir='ltr'><strong>ora</strong></span> <span class='ocrx_word' id='word_1_183' title='bbox 901 1844 1017 1878; x_wconf 87' lang='lat' dir='ltr'><strong>Bentl.</strong></span> <span class='ocrx_word' id='word_1_184' title='bbox 1031 1854 1076 1876; x_wconf 79' lang='lat' dir='ltr'><strong>ex</strong></span> <span class='ocrx_word' id='word_1_185' title='bbox 1090 1845 1308 1877; x_wconf 72' lang='lat' dir='ltr'><strong>coniectura.</strong></span> <span class='ocrx_word' id='word_1_186' title='bbox 1331 1842 1403 1873; x_wconf 91' lang='lat' dir='ltr'><strong>Cu-</strong></span> 
     </span>
     <span class='ocr_line' id='line_1_32' title="bbox 89 1887 1405 1934; baseline 0 -16"><span class='ocrx_word' id='word_1_187' title='bbox 89 1889 182 1931; x_wconf 82' lang='lat' dir='ltr'><strong>ning.</strong></span> <span class='ocrx_word' id='word_1_188' title='bbox 204 1893 286 1932; x_wconf 83' lang='lat' dir='ltr'><strong>post</strong></span> <span class='ocrx_word' id='word_1_189' title='bbox 307 1887 449 1932; x_wconf 79' lang='lat' dir='ltr'><strong>reliquit</strong></span> <span class='ocrx_word' id='word_1_190' title='bbox 473 1897 612 1919; x_wconf 84' lang='lat' dir='ltr'><strong>comma</strong></span> <span class='ocrx_word' id='word_1_191' title='bbox 636 1889 776 1931; x_wconf 73' lang='lat' dir='ltr'><strong>posuit,</strong></span> <span class='ocrx_word' id='word_1_192' title='bbox 801 1889 839 1920; x_wconf 64' lang='lat' dir='ltr'><strong>ui</strong></span> <span class='ocrx_word' id='word_1_193' title='bbox 864 1887 910 1922; x_wconf 83' lang='lat' dir='ltr'><strong>ad</strong></span> <span class='ocrx_word' id='word_1_194' title='bbox 931 1890 1074 1934; x_wconf 75' lang='lat' dir='ltr'><strong>reliquie</strong></span> <span class='ocrx_word' id='word_1_195' title='bbox 1094 1888 1327 1920; x_wconf 82' lang='lat' dir='ltr'><strong>subaudiatur</strong></span> <span class='ocrx_word' id='word_1_196' title='bbox 1351 1898 1405 1918; x_wconf 75' lang='lat' dir='ltr'><strong>me</strong></span> 
     </span>
     <span class='ocr_line' id='line_1_33' title="bbox 91 1931 1403 1976; baseline -0.002 -10"><span class='ocrx_word' id='word_1_197' title='bbox 91 1940 130 1968; x_wconf 84' lang='lat' dir='ltr'><strong>et</strong></span> <span class='ocrx_word' id='word_1_198' title='bbox 152 1944 174 1965; x_wconf 80' lang='lat' dir='ltr'><strong>a</strong></span> <span class='ocrx_word' id='word_1_199' title='bbox 192 1944 229 1965; x_wconf 86' lang='lat' dir='ltr'><strong>se</strong></span> <span class='ocrx_word' id='word_1_200' title='bbox 257 1934 377 1965; x_wconf 81' lang='lat' dir='ltr'><strong>nentia</strong></span> <span class='ocrx_word' id='word_1_201' title='bbox 401 1932 509 1963; x_wconf 82' lang='lat' dir='ltr'><strong>verba</strong></span> <span class='ocrx_word' id='word_1_202' title='bbox 532 1943 613 1962; x_wconf 84' lang='lat' dir='ltr'><strong>ossa</strong></span> <span class='ocrx_word' id='word_1_203' title='bbox 634 1933 722 1976; x_wconf 81' lang='lat' dir='ltr'><strong>pelle</strong></span> <span class='ocrx_word' id='word_1_204' title='bbox 745 1939 813 1966; x_wconf 80' lang='lat' dir='ltr'><strong>etc.</strong></span> <span class='ocrx_word' id='word_1_205' title='bbox 841 1943 935 1966; x_wconf 82' lang='lat' dir='ltr'><strong>sunt.</strong></span> <span class='ocrx_word' id='word_1_206' title='bbox 961 1935 1031 1967; x_wconf 92' lang='lat' dir='ltr'><strong>Sed</strong></span> <span class='ocrx_word' id='word_1_207' title='bbox 1058 1932 1113 1967; x_wconf 80' lang='lat' dir='ltr'><strong>Cf.</strong></span> <span class='ocrx_word' id='word_1_208' title='bbox 1135 1935 1207 1965; x_wconf 76' lang='lat' dir='ltr'><strong>Fen</strong></span> <span class='ocrx_word' id='word_1_209' title='bbox 1243 1939 1279 1966; x_wconf 85' lang='lat' dir='ltr'><strong>et</strong></span> <span class='ocrx_word' id='word_1_210' title='bbox 1302 1931 1403 1964; x_wconf 75' lang='lat' dir='ltr'><strong>Iahn-</strong></span> 
     </span>
     <span class='ocr_line' id='line_1_34' title="bbox 90 1945 1400 2020; baseline -0.002 -11"><span class='ocrx_word' id='word_1_211' title='bbox 90 1995 134 2004; x_wconf 82' lang='lat'><em>—</em></span> <span class='ocrx_word' id='word_1_212' title='bbox 159 1990 190 2009; x_wconf 84' lang='lat' dir='ltr'><strong>v.</strong></span> <span class='ocrx_word' id='word_1_213' title='bbox 216 1945 270 2020; x_wconf 57' lang='lat'><strong>22.</strong></span> <span class='ocrx_word' id='word_1_214' title='bbox 295 1977 338 2009; x_wconf 83' lang='lat' dir='ltr'><strong>ab</strong></span> <span class='ocrx_word' id='word_1_215' title='bbox 363 1978 483 2020; x_wconf 79' lang='lat' dir='ltr'><strong>plures</strong></span> <span class='ocrx_word' id='word_1_216' title='bbox 510 1975 628 2009; x_wconf 79' lang='lat' dir='ltr'><strong>Codd.</strong></span> <span class='ocrx_word' id='word_1_217' title='bbox 656 1977 748 2011; x_wconf 71' lang='lat' dir='ltr'><strong>Fene</strong></span> <span class='ocrx_word' id='word_1_218' title='bbox 771 1978 885 2012; x_wconf 83' lang='lat' dir='ltr'><strong>Vand.</strong></span> <span class='ocrx_word' id='word_1_219' title='bbox 911 1985 947 2011; x_wconf 81' lang='lat' dir='ltr'><strong>et</strong></span> <span class='ocrx_word' id='word_1_220' title='bbox 971 1980 1083 2011; x_wconf 63' lang='lat' dir='ltr'><strong>Bentl.</strong></span> <span class='ocrx_word' id='word_1_221' title='bbox 1114 1979 1218 2020; x_wconf 63' lang='lat' dir='ltr'><strong>vulg.</strong></span> <span class='ocrx_word' id='word_1_222' title='bbox 1245 1989 1278 2009; x_wconf 83' lang='lat' dir='ltr'><strong>a.</strong></span> <span class='ocrx_word' id='word_1_223' title='bbox 1301 1997 1347 2002; x_wconf 96' lang='lat'><strong>—</strong></span> <span class='ocrx_word' id='word_1_224' title='bbox 1370 1988 1400 2008; x_wconf 82' lang='lat' dir='ltr'><strong>v.</strong></span> 
     </span>
     <span class='ocr_line' id='line_1_35' title="bbox 62 2020 1403 2067; baseline -0.001 -12"><span class='ocrx_word' id='word_1_225' title='bbox 62 2020 69 2028; x_wconf 88' lang='lat'>&#39;</span> <span class='ocrx_word' id='word_1_226' title='bbox 92 2023 146 2056; x_wconf 83' lang='lat'><strong>30.</strong></span> <span class='ocrx_word' id='word_1_227' title='bbox 171 2035 192 2055; x_wconf 91' lang='grc' dir='ltr'><strong>ο</strong></span> <span class='ocrx_word' id='word_1_228' title='bbox 217 2032 310 2055; x_wconf 77' lang='lat' dir='ltr'><strong>tet-ra</strong></span> <span class='ocrx_word' id='word_1_229' title='bbox 334 2034 414 2056; x_wconf 85' lang='lat' dir='ltr'><strong>cum</strong></span> <span class='ocrx_word' id='word_1_230' title='bbox 441 2022 553 2054; x_wconf 73' lang='lat' dir='ltr'><strong>Bentl.</strong></span> <span class='ocrx_word' id='word_1_231' title='bbox 579 2033 598 2053; x_wconf 85' lang='lat' dir='ltr'><strong>e</strong></span> <span class='ocrx_word' id='word_1_232' title='bbox 623 2022 741 2058; x_wconf 81' lang='lat' dir='ltr'><strong>Codd.</strong></span> <span class='ocrx_word' id='word_1_233' title='bbox 770 2023 868 2064; x_wconf 84' lang='lat' dir='ltr'><strong>Fea,</strong></span> <span class='ocrx_word' id='word_1_234' title='bbox 905 2021 1116 2067; x_wconf 69' lang='lat' dir='ltr'><strong>quem‘Vid.</strong></span> <span class='ocrx_word' id='word_1_235' title='bbox 1138 2041 1185 2047; x_wconf 90' lang='lat'><strong>——</strong></span> <span class='ocrx_word' id='word_1_236' title='bbox 1207 2034 1236 2053; x_wconf 82' lang='lat' dir='ltr'><strong>v.</strong></span> <span class='ocrx_word' id='word_1_237' title='bbox 1263 2021 1403 2066; x_wconf 77' lang='lat' dir='ltr'><strong>33.fu·</strong></span> 
     </span>
     <span class='ocr_line' id='line_1_36' title="bbox 91 2065 1404 2110; baseline -0.002 -11"><span class='ocrx_word' id='word_1_238' title='bbox 91 2079 171 2099; x_wconf 80' lang='lat' dir='ltr'><strong>rens</strong></span> <span class='ocrx_word' id='word_1_239' title='bbox 200 2068 314 2101; x_wconf 79' lang='lat' dir='ltr'><strong>Bentl.</strong></span> <span class='ocrx_word' id='word_1_240' title='bbox 340 2067 443 2101; x_wconf 86' lang='lat' dir='ltr'><strong>dedit</strong></span> <span class='ocrx_word' id='word_1_241' title='bbox 465 2078 484 2099; x_wconf 88' lang='lat' dir='ltr'><strong>e</strong></span> <span class='ocrx_word' id='word_1_242' title='bbox 510 2065 627 2100; x_wconf 89' lang='lat' dir='ltr'><strong>Codd.</strong></span> <span class='ocrx_word' id='word_1_243' title='bbox 660 2068 786 2110; x_wconf 83' lang='lat' dir='ltr'><strong>quibus</strong></span> <span class='ocrx_word' id='word_1_244' title='bbox 820 2070 998 2103; x_wconf 81' lang='lat' dir='ltr'><strong>accedunt</strong></span> <span class='ocrx_word' id='word_1_245' title='bbox 1023 2066 1141 2102; x_wconf 83' lang='lat' dir='ltr'><strong>Codd.</strong></span> <span class='ocrx_word' id='word_1_246' title='bbox 1181 2068 1285 2100; x_wconf 74' lang='lat' dir='ltr'><strong>Fene.</strong></span> <span class='ocrx_word' id='word_1_247' title='bbox 1332 2066 1404 2098; x_wconf 79' lang='lat' dir='ltr'><strong>Alii</strong></span> 
     </span>
     <span class='ocr_line' id='line_1_37' title="bbox 94 2110 1404 2146; baseline -0.003 -2"><span class='ocrx_word' id='word_1_248' title='bbox 94 2110 212 2144; x_wconf 86' lang='lat' dir='ltr'><strong>Codd.</strong></span> <span class='ocrx_word' id='word_1_249' title='bbox 238 2125 342 2144; x_wconf 72' lang='lat' dir='ltr'><strong>urens</strong></span> <span class='ocrx_word' id='word_1_250' title='bbox 366 2118 425 2144; x_wconf 75' lang='lat' dir='ltr'><strong>aut</strong></span> <span class='ocrx_word' id='word_1_251' title='bbox 448 2113 565 2144; x_wconf 79' lang='lat' dir='ltr'><strong>virens</strong></span> <span class='ocrx_word' id='word_1_252' title='bbox 589 2112 642 2144; x_wconf 77' lang='lat' dir='ltr'><strong>Cf.</strong></span> <span class='ocrx_word' id='word_1_253' title='bbox 666 2113 778 2144; x_wconf 73' lang='lat' dir='ltr'><strong>Bentl.</strong></span> <span class='ocrx_word' id='word_1_254' title='bbox 802 2118 839 2145; x_wconf 85' lang='lat' dir='ltr'><strong>et</strong></span> <span class='ocrx_word' id='word_1_255' title='bbox 860 2114 944 2146; x_wconf 72' lang='lat' dir='ltr'><strong>Fen.</strong></span> <span class='ocrx_word' id='word_1_256' title='bbox 969 2135 1010 2140; x_wconf 89' lang='lat'>—</span> <span class='ocrx_word' id='word_1_257' title='bbox 1039 2126 1068 2146; x_wconf 87' lang='grc' dir='ltr'><strong>ν.</strong></span> <span class='ocrx_word' id='word_1_258' title='bbox 1090 2111 1166 2145; x_wconf 81' lang='lat' dir='ltr'><strong>eod.</strong></span> <span class='ocrx_word' id='word_1_259' title='bbox 1183 2113 1294 2144; x_wconf 79' lang='lat' dir='ltr'><strong>Benss.</strong></span> <span class='ocrx_word' id='word_1_260' title='bbox 1310 2110 1404 2145; x_wconf 80' lang='lat' dir='ltr'><strong>coni.</strong></span> 
     </span>
    </p>
   </div>
   <div class='ocr_carea' id='block_1_5' title="bbox 35 2155 1405 2245">
    <p class='ocr_par' dir='ltr' id='par_1_5' title="bbox 35 2155 1405 2245">
     <span class='ocr_line' id='line_1_38' title="bbox 97 2155 1405 2201; baseline 0 -13"><span class='ocrx_word' id='word_1_261' title='bbox 97 2156 197 2196; x_wconf 84' lang='lat' dir='ltr'><strong>Tua,</strong></span> <span class='ocrx_word' id='word_1_262' title='bbox 213 2181 222 2189; x_wconf 89' lang='lat'><strong>.</strong></span> <span class='ocrx_word' id='word_1_263' title='bbox 239 2181 269 2189; x_wconf 86' lang='lat'><strong>..</strong></span> <span class='ocrx_word' id='word_1_264' title='bbox 300 2157 398 2189; x_wconf 67' lang='lat' dir='ltr'><strong>Cale!</strong></span> <span class='ocrx_word' id='word_1_265' title='bbox 421 2158 556 2189; x_wconf 77' lang='lat' dir='ltr'><strong>venenis</strong></span> <span class='ocrx_word' id='word_1_266' title='bbox 578 2156 730 2201; x_wconf 69' lang='lat' dir='ltr'><strong>officina.</strong></span> <span class='ocrx_word' id='word_1_267' title='bbox 760 2176 803 2182; x_wconf 92' lang='lat'>—</span> <span class='ocrx_word' id='word_1_268' title='bbox 828 2169 859 2190; x_wconf 84' lang='lat' dir='ltr'><strong>v.</strong></span> <span class='ocrx_word' id='word_1_269' title='bbox 881 2160 900 2192; x_wconf 88' lang='grc'>3</span> <span class='ocrx_word' id='word_1_270' title='bbox 960 2160 1118 2192; x_wconf 72' lang='lat' dir='ltr'><strong>iuvencis</strong></span> <span class='ocrx_word' id='word_1_271' title='bbox 1144 2158 1257 2190; x_wconf 75' lang='lat' dir='ltr'><strong>Bentl.</strong></span> <span class='ocrx_word' id='word_1_272' title='bbox 1281 2155 1405 2189; x_wconf 76' lang='lat' dir='ltr'><strong>exali-</strong></span> 
     </span>
     <span class='ocr_line' id='line_1_39' title="bbox 35 2169 925 2245; baseline 0.002 -12"><span class='ocrx_word' id='word_1_273' title='bbox 35 2223 37 2225; x_wconf 96' lang='lat'>-</span> <span class='ocrx_word' id='word_1_274' title='bbox 94 2207 182 2243; x_wconf 80' lang='lat' dir='ltr'><strong>quot</strong></span> <span class='ocrx_word' id='word_1_275' title='bbox 206 2199 324 2235; x_wconf 89' lang='lat' dir='ltr'><strong>Codd.</strong></span> <span class='ocrx_word' id='word_1_276' title='bbox 349 2201 404 2234; x_wconf 81' lang='lat' dir='ltr'><strong>cf.</strong></span> <span class='ocrx_word' id='word_1_277' title='bbox 430 2201 513 2235; x_wconf 76' lang='lat' dir='ltr'><strong>Fea.</strong></span> <span class='ocrx_word' id='word_1_278' title='bbox 537 2221 582 2228; x_wconf 87' lang='lat'><strong>—-</strong></span> <span class='ocrx_word' id='word_1_279' title='bbox 616 2214 645 2234; x_wconf 83' lang='lat' dir='ltr'><strong>v.</strong></span> <span class='ocrx_word' id='word_1_280' title='bbox 670 2201 726 2245; x_wconf 71' lang='lat'><strong>42.</strong></span> <span class='ocrx_word' id='word_1_281' title='bbox 749 2203 857 2235; x_wconf 78' lang='lat' dir='ltr'><strong>vicem</strong></span> <span class='ocrx_word' id='word_1_282' title='bbox 891 2169 925 2237; x_wconf 65' lang='lat'><em>3</em></span> 
     </span>
    </p>
   </div>
   <div class='ocr_carea' id='block_1_6' title="bbox 96 2197 1405 2288">
    <p class='ocr_par' dir='ltr' id='par_1_6' title="bbox 96 2197 1405 2288">
     <span class='ocr_line' id='line_1_40' title="bbox 96 2197 1405 2288; baseline -0.021 2"><span class='ocrx_word' id='word_1_283' title='bbox 96 2256 201 2288; x_wconf 71' lang='lat' dir='ltr'>quem</span> <span class='ocrx_word' id='word_1_284' title='bbox 224 2245 306 2280; x_wconf 77' lang='lat' dir='ltr'><strong>Vid-</strong></span> <span class='ocrx_word' id='word_1_285' title='bbox 329 2247 416 2280; x_wconf 87' lang='lat' dir='ltr'><strong>coll.</strong></span> <span class='ocrx_word' id='word_1_286' title='bbox 440 2248 523 2279; x_wconf 86' lang='lat' dir='ltr'><strong>Fea.</strong></span> <span class='ocrx_word' id='word_1_287' title='bbox 926 2204 1011 2237; x_wconf 76' lang='lat' dir='ltr'><strong>odd&#39;</strong></span> <span class='ocrx_word' id='word_1_288' title='bbox 1051 2203 1189 2247; x_wconf 69' lang='lat' dir='ltr'><strong>³l¹qu⁰t</strong></span> <span class='ocrx_word' id='word_1_289' title='bbox 1221 2207 1258 2235; x_wconf 63' lang='lat' dir='ltr'><strong>et</strong></span> <span class='ocrx_word' id='word_1_290' title='bbox 1288 2197 1405 2274; x_wconf 55' lang='lat' dir='ltr'><strong>*L</strong></span> 
     </span>
    </p>
   </div>
  </div>
 </body>
</html>
