1526 2404
151 176 224 217 156
595 188 635 229 Q.
662 188 844 215 nonu-11
870 187 1026 214 macen

147 265 301 319 Opima
329 265 444 321 quod
471 265 506 305 si
531 265 689 320 praeda
715 277 845 305 curvo
873 264 998 305 litore

196 321 405 359 Porrecta
434 333 606 373 mergos
632 319 810 369 iuveris3
890 337 895 342 ’
932 336 949 371 j

142 371 408 412 Libidinosus
435 372 719 413 immolabitur
744 385 896 426 caper,

196 427 252 465 Et
280 440 385 480 agna
414 425 765 481 Tempestatibus.

658 554 847 594 CAnnum
887 554 957 592 xl.

550 643 648 684 AD
692 642 1057 685 PECTIUM.

232 735 425 778 Queritur‚
449 744 487 768 se
510 739 688 780 perpetuo
714 734 844 766 amoris
869 734 1004 777 laqueis
1028 733 1204 766 irretitum
1226 733 1352 766 teneri.

142 815 302 850 Aletrum
335 814 593 850 Archilochium
617 817 755 849 tertium
765 841 777 856 ,
800 815 1025 860 compositum
1047 826 1066 846 ε
1090 815 1229 847 senario
1252 812 1406 846 iambico
1432 821 1466 845 ct

234 858 334 895 ver-su'
359 860 575 905 elegiambico
588 884 600 901 ,
630 862 697 907 qui
714 869 855 894 constat
876 857 1015 894 ditm'dzb
1038 867 1258 905 pentametro
1282 859 1352 892 sive
1379 869 1465 904 pen·

228 906 415 940 themimeri
434 905 611 952 dactylica
635 914 670 939 et
693 905 839 939 dimetro
862 905 1022 940 iambico.

141 988 283 1036 Pecti,
316 987 417 1027 nihil
443 1001 511 1028 me
525 1019 536 1039 ‚
564 987 672 1027 sicut
700 995 842 1038 antea,
871 986 987 1027 iuvat

194 1041 389 1081 Scribere
417 1041 647 1082 versiculos
676 1054 819 1080 amore
847 1040 1088 1094 perculsum
1115 1041 1260 1095 gravi,

141 1094 323 1143 Amore,
354 1095 427 1149 qui
454 1109 522 1135 me
549 1102 721 1149 praeter
746 1100 891 1133 omnes
921 1093 1081 1147 expetit

193 1147 388 1187 Mollibus
415 1148 457 1187 in
483 1147 626 1201 pueris
656 1154 726 1186 aut
756 1147 798 1186 in
826 1146 978 1200 puellis
1005 1159 1144 1186 urere.

139 1199 221 1239 Hic
250 1201 399 1240 tertius
427 1200 693 1248 December,
721 1213 773 1239 ex
801 1213 886 1253 quo
916 1199 1057 1247 destiti
1439 1204 1466 1242 5

191 1253 354 1293 Inachia
379 1253 548 1304 furere,
578 1252 691 1302 silvis
715 1251 922 1292 honoren'i
948 1251 1118 1291 decutit.

139 1307 256 1346 Heu!
284 1321 375 1358 me,
402 1321 482 1360 per
508 1306 681 1356 urbem,
708 1319 802 1344 nam
829 1305 962 1358 pudet
986 1305 1088 1344 tanti
1114 1305 1232 1356 mali,

191 1360 350 1400 Fabula
377 1369 530 1415 quanta
556 1358 639 1400 fui!
682 1359 970 1399 conviviorum
997 1366 1041 1398 et
1063 1359 1278 1421 poenitet,

139 1415 183 1453 In
212 1415 330 1468 queis
360 1422 564 1453 amantem
592 1420 635 1453 et
660 1411 839 1466 languor
866 1420 909 1451 et
937 1412 1146 1452 silentmm

192 1467 366 1522 Argust,
396 1475 438 1506 et
464 1467 598 1506 latere
627 1466 783 1519 petitus
810 1466 895 1504 imo
922 1465 1103 1527 spiritus.
1332 1489 1334 1491 v
1417 1481 1462 1508 ιο

140 1520 348 1560 Contrane
382 1521 547 1560 lucrum
574 1519 631 1558 nil
659 1519 803 1559 valere
832 1517 1052 1558 candldum
1426 1521 1430 1525 “

190 1574 394 1628 Pauperis
421 1572 653 1628 ingenium!
684 1572 916 1628 querebar,
944 1571 1167 1626 applorans
1192 1572 1291 1625 tibi3

139 1626 271 1666 Simul
300 1627 469 1667 calentis
497 1625 804 1666 inverecundus
833 1626 950 1664 Deus
1092 1622 1099 1637 '

191 1681 227 1719 F
231 1680 443 1721 ervidiore
470 1693 588 1719 mero
618 1692 764 1718 arcana
788 1687 1007 1733 promorat
1033 1679 1146 1721 loco.

139 1733 269 1793 Quod
296 1734 330 1774 si
357 1734 460 1774 meis
494 1733 699 1773 inaestuat
723 1731 986 1787 praecordiis
1414 1734 1461 1774 15

137 1902 182 1909 —
205 1896 235 1916 v.
251 1894 304 1917 22.
326 1886 481 1930 proiecta
497 1885 612 1921 Bentl.
630 1897 648 1919 e
665 1887 758 1920 coni.
781 1886 852 1919 Sed
871 1883 928 1920 Cf.
942 1886 1025 1919 Fea.
1051 1886 1177 1919 iuverit
1193 1878 1322 1932 plures
1333 1884 1448 1918 Codd.

137 1929 190 1963 Cf.
218 1929 335 1965 Bentl.
365 1933 499 1975 paverit
533 1932 628 1967 Coll.
655 1932 735 1965 Sax.
762 1944 832 1977 quo
857 1931 968 1965 verbo
992 1931 1193 1964 Adnotator
1233 1931 1455 1975 Cruquianus

138 1975 225 2007 illud
248 1976 374 2009 iuveris
397 1978 565 2021 explicat.

205 2020 267 2053 XI.
294 2020 415 2056 codd.
441 2028 476 2055 et
500 2021 593 2056 Edd.
618 2024 711 2056 varic
736 2023 912 2061 Pectium,
945 2022 1116 2061 Pettium,
1140 2021 1275 2054 Petium
1298 2022 1345 2055 V.
1370 2022 1453 2052 Fea.

137 2078 167 2098 v.
187 2077 218 2098 2.
241 2078 443 2111 percussum
462 2069 582 2112 plures
607 2069 722 2101 Codd.
741 2074 776 2100 et
792 2073 879 2102 vett.
896 2065 986 2100 Edd.
1007 2067 1089 2100 vid.
1107 2066 1230 2100 Bentl.
1254 2071 1290 2099 et
1313 2067 1396 2098 Fea.
1413 2085 1455 2090 -

138 2123 167 2143 v,
183 2110 214 2153 4.
240 2120 304 2144 aut
324 2125 424 2158 puer.
450 2123 516 2157 pro
540 2114 577 2145 ιή
601 2115 695 2146 coni.
720 2113 842 2147 Bentl.
861 2124 965 2156 quem
981 2112 1034 2145 Cf.
1059 2131 1103 2138 ·—
1125 2124 1154 2143 v.
1178 2112 1211 2145 8.
1240 2119 1279 2144 ut
1301 2112 1453 2156 poenitet

138 2156 258 2190 Bentl.
285 2169 303 2190 c
328 2159 483 2193 coniect.
511 2157 567 2192 Cs.
592 2161 674 2191 Fca.
700 2165 735 2190 ct.
757 2158 867 2192 Both.
893 2158 1040 2191 Annott.
1067 2176 1109 2181 —-
1134 2169 1164 2191 v.
1184 2154 1454 2201 14.fervidiot·‹t

139 2202 217 2234 ΛΜ.
244 2201 308 2235 Ed.
337 2205 414 2237 1501
443 2210 479 2236 et
500 2205 619 2247 plures
654 2205 754 2237 aliae.
781 2203 839 2242 Cs.
864 2202 966 2238 Both.
990 2202 1139 2237 Annott.
1174 2220 1216 2227 —
1251 2214 1282 2238 v.
1314 2203 1366 2237 15.
1401 2202 1454 2234 in-

138 2256 269 2280 aestuet
294 2249 453 2284 Lambin.
476 2249 589 2282 Bentl.
611 2250 694 2283 Fea.
