1526 2404
501 230 503 233 ,
525 197 782 228 nris-ronan.
805 196 889 223 nm.
920 185 951 222 1.
979 197 1018 233 7.
1346 191 1418 229 ¹¹7

66 267 68 274 y
110 290 367 354 Respondet.
390 317 446 326 -
463 294 602 348 Neget
617 290 691 331 ille
715 287 847 329 mihi?
873 311 928 319 —-
953 287 1091 342 Negat
1115 284 1357 340 improbus,
1376 292 1420 324 et

110 402 296 466 Negligit
322 409 393 442 aut
417 401 578 440 horret.
601 421 659 460 .“''
687 349 1047 446 Vulteiumtzane
1070 391 1290 446 Philippus

110 458 221 499 Viha
247 454 500 496 vendentem
523 460 708 493 tumcato
735 457 875 490 scruta
900 446 1073 502 popello
1368 443 1420 484 65

112 511 327 564 Occupat,
355 516 398 547 et
425 506 587 546 salvere
614 504 732 544 iubet
757 503 887 556 prior.
915 501 989 540 Ille
1018 498 1215 553 Philippo
1270 504 1273 507 “

111 564 326 603 Excusare
354 560 541 599 laborem
569 566 612 597 et
638 555 894 597 mercenaria
921 553 1077 602 vincla,

110 616 238 711 guod
265 628 347 654 non
373 625 493 652 mane
520 610 690 650 domum
733 609 916 649 venisset
925 621 937 658 3
966 606 1170 660 denique,
1196 604 1310 660 quod
1338 617 1421 643 non

148 668 372 709 rovidisset
398 679 505 705 eum.
532 688 586 694 ——-
612 663 681 703 Sic
707 662 916 722 ignovisse
945 666 1092 712 putato

110 725 181 764 Me
197 721 297 770 tihi,
317 719 351 758 si
369 731 520 759 coenas
536 717 664 756 hodie
680 729 858 755 mecum.
874 737 928 745 —-
948 713 1003 752 Ut
1019 712 1138 752 libet.
1159 735 1212 740 —
1233 712 1350 764 Ergo
1368 723 1422 761 7⁰

112 778 218 815 Post
244 787 395 813 nonam
423 771 563 811 venies
572 784 584 820 3
612 782 721 809 nunc
748 769 784 818 i,
810 781 901 807 rem
932 773 1125 805 strenuus
1152 778 1272 817 auge.

113 829 170 868 Ut
197 827 367 867 ventum
394 824 447 863 ad
473 834 644 863 coenam
671 830 755 871 est,
784 820 960 860 dicenda
985 817 1162 857 tacenda
1191 817 1377 866 locutus,

114 880 302 921 Tandem
328 877 553 918 dormitum
581 875 811 914 dimittitur.
857 874 939 912 Hic
974 871 1048 910 uhi
1076 883 1201 923 saepe

116 934 342 976 Occultum
366 931 479 971 visus
507 929 735 968 decurrere
762 927 885 980 piscis
915 925 966 964 ad
996 924 1186 973 hamum,

112 985 393 1038 Manefcliens
424 991 467 1023 et
494 982 575 1021 iam
603 989 742 1021 certus
771 979 968 1028 conviva,
994 976 1165 1016 iubetur
1374 976 1426 1027 75

113 1041 232 1080 Rura
263 1034 690 1078 suburbana'indictis
718 1046 858 1073 comes
882 1033 943 1071 ire
974 1029 1143 1069 Latinis.

116 1092 335 1146 Impositus
362 1089 519 1130 mannis
546 1101 692 1127 arvum
717 1086 967 1140 coelumque
995 1082 1194 1123 Sabinum

113 1148 209 1186 Non
235 1151 372 1184 cessat
396 1141 580 1182 laudare.
609 1139 740 1184 Videt
764 1138 960 1193 ridetque
986 1135 1230 1188 Philippus,

115 1201 174 1239 Et
200 1197 280 1239 sibi
305 1197 404 1236 dum
430 1194 643 1249 requiem,
671 1192 771 1232 dum
796 1191 905 1231 risus
932 1190 1116 1244 undique
1145 1187 1331 1243 quaerit,

114 1253 229 1292 Dum
253 1258 416 1312 septem
443 1248 568 1288 donat
595 1245 810 1294 sestertia,
836 1251 979 1284 mutua
1002 1257 1047 1282 se
1078 1250 1165 1281 tem
1374 1240 1426 1280 80

113 1304 348 1354 Pramum,
373 1301 600 1356 persuadet
627 1299 690 1339 uti
714 1306 928 1338 mercetur
957 1296 1052 1335 atrel
1069 1309 1153 1334 um.

114 1359 339 1404 Mereatur.
366 1357 428 1396 Ne
454 1363 499 1394 te
526 1354 662 1407 longis
691 1350 932 1404 ambagibus
959 1365 988 1388 u
1005 1358 1070 1388 tra

161 1425 257 1450 uam
283 1410 380 1450 satis
410 1416 473 1448 est
497 1421 662 1456 morer,
690 1419 743 1444 ex
766 1404 897 1443 nitido
925 1402 972 1442 fit
996 1400 1198 1449 rusticus,
1227 1407 1355 1454 atque

148 1464 266 1503 ulcus
294 1472 337 1503 et
366 1462 502 1503 vineta
525 1467 670 1513 crepat
697 1471 836 1506 mera,
863 1462 1085 1510 praeparat
1110 1454 1272 1502 ulmos,

118 1516 359 1556 Immoritur
386 1514 550 1562 studiis,
567 1550 570 1554 ,
586 1521 630 1552 et
654 1524 796 1550 amore
823 1511 1002 1549 senescit
1027 1506 1219 1547 habendi.
1376 1506 1428 1544 85

118 1569 280 1611 Verum
306 1568 379 1607 ubi
407 1581 508 1606 oves
535 1566 675 1613 furto,
700 1563 850 1603 morbo
876 1563 1045 1615 periere
1073 1558 1282 1612 capellae,

120 1621 251 1673 Spem
280 1621 452 1660 mentita
479 1631 621 1672 segeS,
646 1617 725 1656 bos
753 1623 817 1655 est
845 1623 1016 1654 enectus
1044 1611 1222 1652 arando:

122 1673 324 1715 Offensus
352 1672 531 1721 damnis,
557 1670 693 1709 media
720 1668 773 1707 de
800 1676 925 1707 nocte
953 1666 1157 1706 caballum

121 1727 303 1780 Arripit,
329 1725 542 1779 iratusque
568 1721 751 1774 Philippi
779 1720 912 1759 tendit
942 1719 994 1757 ad
1020 1717 1157 1757 aedes.

166 1793 263 1819 uem
279 1778 400 1819 simul
417 1777 487 1816 ads
520 1775 603 1817 exit
617 1775 810 1814 scabrum
825 1773 1116 1824 intonsumque
1127 1768 1369 1822 Philippus,
1379 1779 1430 1821 90

166 1847 289 1882 urus,
311 1832 390 1882 ait,
413 1832 454 1872 V
500 1830 581 1878 tei,
606 1828 724 1868 nimis
747 1833 1011 1878 attentusque
1039 1822 1194 1863 videris

125 1888 232 1927 Esse
259 1885 371 1924 mihi.
397 1884 502 1932 Pol,
528 1896 596 1922 me
623 1881 843 1928 miserum,
867 1885 1068 1932 patrone,
1095 1888 1292 1926 vocares,

124 1940 171 1979 Si
197 1939 351 1989 velles,
378 1937 532 1993 inquit,
565 1948 712 1974 verum
739 1931 838 1979 mihi
864 1944 1023 1984 ponere
1047 1942 1211 1968 nomen.

125 1991 255 2052 Quod
281 1999 325 2031 te
355 2004 435 2044 per
463 1988 641 2031 Genium
671 1986 943 2039 dextramque
966 1984 1168 2037 Deosque
1195 1983 1374 2021 Penates

126 2171 173 2180 —
190 2164 229 2186 v.
250 2153 307 2187 63.
340 2158 444 2193 neget
465 2150 576 2184 Bentl.
601 2160 642 2181 ex
674 2148 814 2193 optimis
848 2148 918 2179 suis
948 2144 1062 2178 Codd.
1088 2146 1184 2177 Olim
1207 2144 1296 2186 vulg.
1323 2147 1433 2184 negat

131 2198 227 2241 quod
248 2204 360 2231 servat
384 2199 465 2238 Fea.
480 2215 523 2221 —
546 2207 583 2228 v.
602 2195 660 2236 69.
682 2191 918 2239 praevidisset
942 2190 1005 2223 Ed.
1028 2191 1191 2222 Glarean.
1209 2189 1264 2220 Cs.
1281 2187 1430 2219 Gesner.

131 2260 176 2268 —-
196 2253 235 2275 v.
256 2252 311 2286 93.
335 2242 453 2276 dicere
470 2252 595 2274 nomen
612 2238 676 2271 Ed.
699 2239 787 2271 Veu.
810 2243 843 2270 et
865 2237 1027 2273 Glarean.
1051 2236 1139 2268 aliae
1161 2234 1216 2266 Cr.
1240 2234 1323 2266 Fea.
1348 2247 1392 2255 --
