1526 2404
154 165 226 204 152
584 177 625 216 ρ.
658 175 838 202 uonA'ru
870 174 1026 203 FLAccl
1068 198 1073 201 .

145 271 233 310 Nec
265 282 396 323 prave
427 267 550 308 factis
578 266 772 308 decorari
796 268 988 310 versibus
1019 274 1145 322 opto,

144 325 207 362 Ne
235 324 410 362 rubeam
442 321 586 375 pingui
617 321 791 362 donatus
818 335 1013 372 munere,
1044 329 1088 362 et
1116 335 1198 361 una

146 377 252 415 Cum
280 376 490 437 scriptore
517 389 636 424 meo,
665 389 787 428 capsa
817 383 1040 429 porrectus
1072 381 1238 429 aperta,

144 428 331 468 Deferar
357 443 398 467 m
424 429 565 469 vicum
596 428 848 468 vendentem
880 428 976 467 thus
1009 436 1053 468 et
1079 428 1235 468 odores

145 483 202 522 Et
227 483 352 536 piper
379 489 423 522 ct
450 481 657 537 quidquid
690 482 844 522 chartis
871 481 1062 523 amicitur
1088 479 1252 536 ineptis·
1380 492 1459 534 270

661 687 873 716 amsa-om
899 674 948 714 11.

510 765 591 805 AD
618 766 812 806 IULIUM
841 762 1094 805 FLORUM.
1330 800 1343 820 Ι

209 857 443 890 Excusaturus
467 868 505 890 se
526 857 619 890 Iulio
642 858 750 890 Floro
777 853 847 899 (Cf.
871 854 981 899 Epist.
1004 854 1040 896 Ι,
1063 853 1119 900 3),
1143 853 1242 900 quod
1261 854 1348 889 nihil
1363 856 1459 890 litte-

140 912 259 935 rarum
281 914 395 946 neque
420 903 615 936 carminum
638 902 684 935 ad
709 913 789 934 eum
813 900 958 942 miserit,
978 900 1132 945 primum
1151 900 1271 945 lepida
1293 902 1482 934 similitu-¹

141 947 224 980 dine
248 947 436 990 significat,
461 959 499 980 se
523 947 610 980 nihil
630 946 868 992 proficiscenti
893 946 1006 978 amico
1027 946 1250 990 promisisse,
1274 947 1346 979 imo
1361 957 1460 979 suam

139 993 176 1024 in
202 993 389 1026 scribendo
421 993 597 1037 pigritiam
628 993 778 1036 ingenue
813 991 1012 1036 professum
1043 1002 1117 1024 esse
1142 992 1252 1032 (vers.
1272 993 1459 1034 s—-25j,

139 1038 193 1070 Dc
219 1038 431 1071 carminibus
455 1038 572 1071 ridens
597 1037 809 1082 respo‘ndet,
833 1047 870 1069 se
894 1035 1074 1080 quondam
1097 1037 1236 1068 nonnisi
1251 1042 1459 1081 paupertate

139 1083 185 1115 ad
210 1094 325 1115 versus
352 1083 532 1117 faciendos
558 1083 736 1122 adactum,
763 1093 857 1114 nunc
880 1081 1022 1125 quidem
1038 1082 1186 1114 meliore
1200 1081 1343 1114 fortuna
1357 1087 1458 1114 uten-

138 1133 211 1160 tem
234 1128 375 1160 beatum
400 1130 510 1161 otium
537 1128 587 1160 his
612 1128 791 1160 laboribus
809 1128 913 1169 longe
930 1126 1108 1170 praeferre
1129 1127 1459 1168 (vers.25—54j;

139 1172 268 1205 deinde
293 1174 386 1205 serio
411 1179 553 1206 excusat
576 1179 726 1205 aetatem
750 1183 868 1212 suam,
893 1171 1094 1214 importuna
1117 1172 1294 1203 lectorum
1306 1170 1458 1212 fastidia,

138 1218 294 1250 urbanae
320 1218 409 1250 vitae
435 1217 684 1261 impedimenta
711 1222 745 1249 et
771 1216 890 1248 turbas
916 1215 1026 1255 (vers.
1047 1218 1148 1247 55-
1160 1217 1256 1257 862),
1295 1220 1329 1247 et
1350 1215 1457 1258 signi-

137 1263 218 1295 ficat
231 1287 241 1303 ,
267 1274 304 1294 se
328 1268 528 1307 pertaesum
550 1273 623 1294 esse
639 1262 751 1293 omnis
769 1260 868 1292 huius
887 1260 1080 1292 carminum
1097 1259 1368 1304 pangendorum
1383 1266 1457 1292 stu-

139 1307 187 1339 dii
215 1308 261 1340 ob
287 1308 425 1352 ineptos
451 1313 484 1340 et
510 1307 664 1339 misellos
687 1312 741 1338 tot
765 1310 950 1350 poetarum
975 1305 1026 1336 sui
1043 1305 1214 1348 temporis
1239 1303 1283 1336 ad
1301 1304 1458 1342 savorem

138 1352 320 1384 hominum
345 1358 379 1385 et
403 1352 542 1385 laudem
568 1351 775 1396 captandam
799 1351 968 1382 tumultus
993 1355 1026 1382 et
1053 1349 1226 1391 legitimae
1251 1350 1335 1382 artis
1357 1351 1458 1393 igno-

136 1398 304 1439 rantiam,
340 1398 514 1440 simulque
542 1399 681 1429 saniora
706 1395 877 1440 quaedam
900 1400 934 1427 et
957 1394 1132 1427 severiora
1156 1395 1238 1426 artis
1265 1401 1458 1439 praecepta

138 1443 350 1487 iis-opponit
369 1443 480 1482 (vers.
498 1442 717 1483 87—1417).
745 1442 965 1474 Postremum
989 1439 1161 1480 studium,
1185 1439 1284 1482 quod
1297 1445 1370 1471 tam
1383 1440 1455 1473 sre-

138 1494 287 1532 quenter
310 1488 345 1519 in
370 1487 422 1519 his
450 1488 606 1532 epistolis
630 1487 839 1530 profitetur,
865 1485 1054 1529 sapientiae
1079 1489 1237 1526 excusat,
1274 1485 1330 1517 cui
1361 1496 1455 1518 nunc

137 1534 269 1566 relictis
294 1544 454 1565 versuum
478 1533 611 1564 lusibus
634 1533 738 1565 unice
763 1531 900 1564 deditus
924 1530 985 1571 sit,
1025 1535 1129 1573 atque
1154 1539 1260 1562 aurea
1285 1529 1454 1573 quaedam

137 1589 242 1611 sanae
259 1578 402 1610 rationis
423 1583 610 1621 praecepta
627 1576 696 1609 hoc
714 1578 789 1621 ipso
806 1576 921 1609 studio
938 1575 1004 1608 sibi
1024 1580 1227 1619 comparata
1241 1585 1322 1618 cum
1338 1575 1452 1609 amico

138 1616 376 1656 communicat
403 1623 512 1664 (vers.
538 1624 603 1655 Ml
625 1621 790 1669 adfinj.

135 1704 290 1752 Flore,
316 1703 428 1743 bono
458 1702 659 1756 claroque
687 1700 820 1741 fidelis
849 1701 978 1740 amice
1005 1698 1183 1750 Neroni,

137 1757 183 1795 Si
216 1756 307 1811 quis
340 1755 456 1795 forte
484 1755 587 1803 velit
613 1769 793 1808 puerum
817 1754 894 1794 tibi
921 1754 1127 1802 vendere,
1155 1760 1317 1807 natum·

137 1810 297 1848 Tibure
327 1809 396 1850 vel
431 1808 592 1857 Gabiis,
624 1816 667 1847 et
697 1816 837 1847 tecum
864 1808 922 1846 sic
944 1815 1056 1861 agat:
1086 1806 1166 1845 Hic
1200 1813 1244 1844 et

137 1862 365 1911 Candidus,
394 1869 437 1901 et
463 1861 567 1900 talos
601 1876 622 1899 a
650 1861 810 1901 vertice
837 1860 1016 1915 pulcher
1048 1860 1100 1899 ad
1126 1859 1253 1909 imos,

135 1916 234 1955 Fiet
261 1916 427 1970 eritque
453 1922 549 1954 tuus
576 1928 840 1956 nummorum
870 1913 1051 1954 millibus
1080 1920 1202 1963 octo,
1423 1911 1450 1954 5

135 2094 181 2102 --
201 2086 239 2107 v.
265 2076 341 2109 268.
364 2081 489 2120 operta
514 2073 629 2106 Codd.
654 2075 673 2108 5
697 2074 828 2106 Bersm.
852 2071 1010 2115 Gotting.
1034 2071 1112 2115 alii3
1150 2069 1310 2117 sequitur
1329 2072 1444 2106 Benn.

137 2120 209 2153 Sed
233 2119 286 2152 Cs.
312 2120 460 2153 Gesner.
486 2125 522 2152 et
545 2121 627 2151 Fea.
653 2138 696 2144 —-
730 2130 767 2151 v.
793 2128 869 2162 27⁰·
901 2118 1063 2163 inemptis
1095 2117 1213 2150 Codd.
1244 2117 1315 2150 duo
1338 2119 1445 2159 Feae,

136 2176 226 2197 unus
241 2167 347 2209 Cruq.
369 2171 404 2198 et
422 2170 504 2198 vett.
523 2164 613 2197 Edd.
626 2165 789 2209 aliquot,
815 2175 905 2208 quos
923 2163 1046 2196 laudat
1062 2162 1153 2205 Fea;
1179 2163 1344 2207 idemque
1358 2174 1445 2196 con-

139 2211 272 2244 iecerat
294 2209 435 2244 Wakef-
