1526 2404
497 214 752 245 tris-romu.
778 212 867 242 ιω.
893 200 924 242 1.
958 201 1018 242 ιδ.
1338 214 1423 254 nm)

96 312 327 366 *Pomisne3
355 324 407 352 an
431 311 584 366 pratis,
612 324 664 350 an
691 310 840 350 amicta
865 307 1018 357 vitibus
1044 306 1183 348 ulmot

106 367 329 407 scribetur
352 363 430 405 tibi
455 365 593 404 forma
619 363 876 425 loquaciter,
909 369 953 401 et
979 361 1081 400 situs
1108 360 1211 415 agri.

109 419 305 460 Continui
330 425 497 458 montes
512 447 523 466 ‚
548 416 626 455 nisi
649 415 929 456 dissocientur
955 427 1086 468 opaca
1397 414 1427 454 5

106 472 254 523 Valle3
282 471 357 512 sed
385 477 433 510 ut
459 470 630 509 veniens
658 469 852 509 dextrum
878 469 986 508 latus
1014 466 1215 520 adspiciat
1240 466 1339 519 Sol,

106 526 294 569 Laevum
324 523 542 563 discedens
571 535 700 562 curru
726 522 919 576 fugiente
947 528 1138 574 vaporet.

108 577 381 631 Temperiem
413 575 571 615 laudes.
626 575 763 636 Quid,
790 575 826 613 si
852 573 1084 614 rubicunda
1108 572 1279 627 benigni

109 631 250 670 Corna
277 642 429 682 vepres
456 636 499 668 et
524 642 657 682 pruna
685 626 860 668 ferunt?
895 627 930 667 si
959 639 1143 683 quercus
1172 635 1213 666 et
1240 628 1325 667 ilex

106 684 240 723 Multa
267 681 395 736 frug'e
419 695 573 735 pecus,
602 682 732 721 multa
760 680 974 720 dominum
1001 681 1116 720 iuvat
1143 679 1323 719 umbra?
1383 693 1430 720 ιο

106 737 235 776 Dicas
263 734 489 774 adductum
550 734 696 787 ropius
722 733 926 773 frondere
953 735 1195 773 Tarentum.

108 790 223 828 Fons
253 787 377 827 etiam
403 787 496 828 rivo
557 800 628 836 are
656 800 809 827 nomen
841 786 1041 835 idoneus,
1067 793 1116 824 ut
1140 798 1220 825 nec

108 841 325 895 Frigidior
351 839 558 879 Thracam
584 853 663 879 nec
687 840 836 894 purior
863 839 1015 879 ambiat
1041 838 1237 887 Hebrus,

108 892 278 933 Infirmo
305 893 430 947 capiti
455 891 548 932 fluit
574 893 709 943 utilis,
736 893 848 932 utilis
876 893 984 932 alvo.

109 948 204 986 Hae
229 945 420 986 latebrae
448 946 618 994 dulces,
647 955 690 985 et
715 946 820 995 iam,
849 945 884 984 si
912 945 1072 991 credis,
1101 957 1323 995 amoenae,
1383 946 1432 985 15

110 999 368 1039 Incolumem
395 997 473 1038 tibi
498 1012 567 1038 me
593 1007 804 1052 praestant
832 997 1147 1052 Septembribus
1177 997 1306 1037 horis.

111 1054 181 1092 Tu
206 1060 325 1092 recte
354 1051 481 1101 vivis,
511 1052 547 1091 si
574 1065 694 1091 curas
724 1065 816 1091 esse
873 1051 961 1090 uod
989 1050 1128 1101 audis3

109 1106 313 1145 lactamus
341 1104 589 1157 iampridem
618 1105 749 1144 omnis
777 1113 821 1144 te
845 1066 987 1143 {omn
1012 1103 1198 1143 beatum.

110 1157 199 1198 Sed
225 1151 403 1208 v'ereor‚
429 1171 483 1196 ne
510 1158 578 1197 cui
605 1157 660 1197 de
686 1166 730 1197 te
755 1158 874 1211 plus,
902 1172 1026 1212 quam
1052 1156 1128 1196 tibi
1156 1155 1331 1207 credas,

112 1212 234 1251 Neve
258 1217 382 1264 putes
409 1210 535 1250 alium
563 1211 750 1263 sapiente
774 1205 974 1265 boiioque
1000 1209 1193 1260 beatum,
1381 1221 1434 1249 20

110 1265 238 1312 Neu‚·
258 1263 296 1302 si
319 1270 365 1302 te
392 1264 574 1317 populus
600 1277 743 1302 sanum
770 1271 976 1318 reeteque
1003 1263 1213 1303 valentem

109 1316 316 1366 nictit-et,
343 1319 552 1356 occultam
578 1316 746 1356 febrem
772 1315 849 1356 sub
876 1325 1042 1370 tempus
1071 1315 1224 1355 edendi

110 1369 385 1418 Dissimules‚
413 1369 549 1409 donec
575 1369 765 1408 manibus
789 1377 953 1409 tremor
984 1369 1137 1408 incidat
1158 1369 1308 1408 unctis.

111 1420 350 1461 Stultorum
373 1422 559 1462 incurata
584 1422 725 1476 pudor
752 1423 885 1462 malus
911 1422 1057 1462 ulcera
1083 1423 1207 1462 celat.

114 1474 161 1513 Si
187 1474 279 1529 quis
299 1474 411 1521 bella
437 1475 514 1514 tibi
539 1484 654 1515 terra
680 1483 866 1529 pugnata
892 1476 1082 1530 marique
1382 1476 1436 1516 25

113 1527 262 1576 Dicat,
290 1535 333 1566 et
358 1527 423 1566 his
453 1528 593 1567 verbis
620 1542 771 1567 vacuas
799 1529 1060 1582 permulceat
1088 1542 1233 1567 aures:

115 1581 234 1618 Tene
258 1580 389 1633 magis
418 1581 577 1619 salvum
604 1581 786 1634 populus
814 1581 937 1629 velit,
966 1595 1016 1619 an
1046 1582 1251 1634 populum
1279 1589 1352 1631 tu,

99 1631 270 1671 Sel-vet
297 1632 340 1670 in
368 1631 587 1685 ambiguo,
616 1633 688 1687 qui
716 1633 893 1672 consulit
925 1641 968 1672 et
994 1633 1067 1672 tibi
1097 1642 1140 1673 et
1166 1633 1282 1684 urbi,

111 1685 296 1737 Iupiter:
324 1684 506 1738 Augusti
524 1685 671 1724 laudes
699 1699 930 1739 agnoscere
956 1686 1104 1739 possis·

183 1814 288 1855 XVI,
311 1818 350 1845 v.
376 1814 408 1848 3.
432 1814 594 1847 Pomisve
616 1821 687 1849 tres
713 1815 829 1848 Codd.
853 1814 994 1848 Martia.
1017 1814 1099 1847 Silv.
1125 1821 1161 1848 et
1182 1815 1342 1848 Blandin.
1369 1829 1436 1861 po-

117 1859 255 1904 misque
278 1859 372 1891 coni.
395 1859 495 1892 Both.
519 1861 555 1892 in
579 1861 760 1893 Annotatt.
784 1880 828 1886 —
854 1873 902 1892 αιι
925 1859 1046 1904 pratis
1082 1872 1101 1893 e
1134 1861 1250 1893 Codd.
1284 1862 1436 1894 restituit

116 1904 229 1937 Bentl.
255 1914 360 1947 quem
386 1903 468 1936 Vid.
495 1916 575 1937 cum
600 1906 683 1937 olim
707 1907 878 1949 plurimae
902 1904 992 1936 Edd.
1016 1906 1211 1948 vulgassent
1248 1913 1282 1938 et
1303 1908 1436 1950 pratis.

116 1967 163 1976 -
186 1959 224 1980 v.
252 1959 283 1991 7.
310 1949 361 1980 Ita
385 1950 547 1993 plerique
572 1950 686 1982 Codd.
721 1956 754 1982 et
779 1956 859 1983 vett.
883 1949 973 1982 Edd.
998 1949 1067 1981 Alii
1093 1950 1210 1984 Codd.
1235 1962 1323 1994 quos
1350 1963 1436 1984 enu-

118 1999 232 2026 merat
254 1994 324 2026 Fea
348 1992 578 2026 descendeus.
604 1995 778 2028 Bentleius
803 1996 1005 2028 coniectura
1028 1993 1209 2027 decedens.
1236 1996 1303 2027 (λζ’
1324 1997 1436 2029 Bentl-

120 2044 155 2071 et
179 2039 260 2070 Fea.
283 2056 327 2062 —
351 2049 390 2070 v.
422 2049 455 2081 9.
467 2038 602 2083 serum
632 2039 828 2072 emendavit
860 2040 973 2071 Bcntl.
1002 2051 1106 2083 quem
1142 2040 1224 2072 vid.
1252 2041 1368 2073 Codd.
1401 2048 1437 2074 et

120 2082 211 2115 Edd.
233 2088 314 2115 vett.
329 2082 481 2126 serant,
508 2090 541 2117 et
565 2085 700 2127 aliquot
725 2085 814 2116 Feae
827 2083 964 2128 firent.
987 2102 1033 2108 —
1054 2095 1092 2116 v.
1121 2095 1172 2119 ιο.
1196 2087 1297 2117 iuvat
1320 2086 1435 2118 Codd.

122 2128 256 2170 aliquot
278 2128 461 2160 Pulmann.
486 2129 596 2161 Bentl.
620 2130 730 2170 Feae3
755 2130 880 2173 reliqui
898 2130 1063 2162 iuvet.—
1086 2141 1123 2161 v.
1145 2137 1197 2168 ¹4·
1211 2130 1305 2174 fluit
1315 2138 1436 2175 aptus,

123 2179 159 2203 et
182 2172 283 2203 utitis
306 2173 376 2204 Fea
402 2185 420 2205 e
444 2174 561 2205 multis
586 2173 700 2206 Codd.
725 2181 758 2206 et
771 2180 851 2206 vett.
870 2173 961 2205 Edd.
979 2174 1143 2218 Sequitur
1162 2175 1257 2207 Iahn.
1272 2194 1318 2200 —
1331 2187 1366 2207 v.
1385 2178 1436 2209 15.

118 2222 160 2291 ἒ(
179 2217 331 2293 1ςὶαηιεω·
348 2217 485 2261 credis)
510 2219 623 2251 Bentl.
646 2236 692 2243 —-
704 2230 741 2251 v.
761 2227 817 2261 30.
834 2218 921 2251 Cum
934 2219 1060 2264 cupias
1072 2220 1162 2253 Cod.
1182 2221 1261 2253 Bos.
1274 2220 1435 2264 Gotting-

157 2270 179 2291 0
205 2267 252 2293 at.
301 2272 354 2294 ax.

170 2315 289 2349 Horat.
309 2317 356 2350 11.
1146 2323 1172 2360 9
