1526 2404
487 198 740 226 zrisronAn.
768 199 854 226 ιω.
883 186 913 224 1.
938 192 978 236 4.
1310 198 1384 240 ¹09

139 300 258 333 antae
278 292 525 344 conveniat,
551 291 783 341 Munatius,
811 305 863 330 an
889 290 998 331 male
1033 300 1144 333 sarta

64 346 208 386 (Jratia
231 346 515 402 nequidquam
544 345 630 385 coit
657 352 701 384 et
727 344 1011 384 rescinditur?
1037 346 1116 395 At,
1145 355 1220 389 vos

4 400 12 407 '
61 399 149 438 Seu
175 398 332 438 calidus
359 399 526 452 sanguis
555 412 632 438 seu
656 411 802 437 rerum
828 397 988 437 inscitia
1014 408 1141 440 vexat

61 451 266 491 Indomita
293 452 461 491 cervice
488 451 630 501 feros,
656 450 897 505 ubicunque
920 451 1115 492 locorum

60 504 234 555 vivitis,
260 504 418 558 indigni
443 504 676 544 fraternum
700 517 900 556 rumpere
935 503 1114 555 foedus,
1325 508 1380 551 35

51 557 251 598 Ριιεαίῐῑιιι·
275 557 318 598 in
344 565 534 599 vestrum
560 557 744 598 reditum
770 557 912 598 votiva
936 557 1125 601 iuvenca.

559 766 770 794 nrls'ronA
789 752 866 796 IV.

393 844 474 884 AD
503 831 716 884 ALBIUM
742 834 1040 882 TIBULLUM.

125 933 223 966 Scire
243 937 337 975 avet,
359 933 444 978 quid
465 934 597 967 amicus
617 938 715 976 agat,
742 931 786 965 ad
807 932 953 965 hilarem
969 933 1059 964 vitae
1079 943 1180 966 usum
1201 932 1376 977 hortatur,

56 978 178 1011 invitat
201 978 376 1022 denique,
413 985 452 1011 ut
475 991 512 1012 se
540 980 638 1011 visat.
688 978 966 1010 commendatur
995 979 1132 1020 elegans
1172 981 1376 1022 epistolium

54 1024 263 1067 praesertim
287 1023 357 1057 hoc
382 1025 546 1065 nomine,
577 1023 674 1067 quod
706 1023 832 1055 summi
857 1023 1048 1065 elegiarum
1072 1025 1254 1066 scriptoris
1279 1025 1376 1067 inge-

54 1069 153 1100 nium
177 1073 212 1101 et
227 1069 317 1101 vitae
338 1068 496 1101 conditio
516 1074 586 1100 tam
609 1067 703 1100 belle
724 1066 773 1100 ibi
792 1067 1008 1111 significatur
1020 1066 1123 1111 (vers.
1141 1068 1295 1113 6—11.).
1318 1069 1376 1102 Ad

3 1153 11 1160 ,
54 1113 207 1147 eundem
224 1114 358 1158 scripta
381 1117 433 1146 est
455 1113 534 1145 Lib.
554 1113 615 1147 IV.
640 1112 709 1145 Od.
730 1114 786 1146 33.

56 1201 181 1253 Albi,
206 1210 448 1242 nostrorum
473 1207 715 1242 sermonum
740 1201 915 1242 candide
941 1202 1082 1253 iudex,

58 1254 174 1315 Quid
198 1267 307 1295 nunc
333 1263 378 1295 te
406 1254 540 1295 dicam
565 1256 710 1295 facere
737 1255 779 1294 in
804 1256 979 1309 regione
1006 1254 1205 1295 Pedana?

52 1306 251 1348 Scribere
279 1308 395 1363 quod
428 1309 546 1348 Cassi
572 1309 809 1348 Parmensis
838 1309 1040 1362 opuscula
1067 1309 1229 1361 vincat,

53 1360 122 1399 An
146 1361 318 1400 tacitum
345 1361 467 1400 silvas
497 1362 606 1400 inter
640 1370 810 1414 reptare
843 1361 1053 1411 salubres,

56 1413 283 1453 Cui-antem
310 1414 515 1469 quidquid
543 1414 713 1468 dignum
741 1415 927 1468 sapiente
952 1414 1152 1468 bonoque
1182 1414 1275 1454 est?
1345 1416 1372 1457 5

53 1466 149 1504 Non
174 1474 223 1505 tu
252 1466 406 1520 corpus
438 1481 529 1507 eras
558 1468 645 1506 sine
673 1476 866 1520 pectore.
894 1469 952 1506 Di
979 1467 1055 1506 tibi
1090 1468 1293 1520 formam,
1330 1510 1336 1522 1

55 1517 115 1556 Di
139 1518 216 1557 u‘hi
238 1519 399 1559 divitias
426 1520 655 1570 dederunt,
685 1529 902 1575 artemque
929 1521 1111 1560 fruendi.

56 1569 171 1619 Quid
194 1580 350 1611 voveat
377 1573 490 1611 dulci
516 1573 720 1611 nutricula
748 1574 878 1612 maius
912 1575 1101 1623 alumno,

100 1623 144 1661 ui
168 1637 317 1677 sapere
345 1633 388 1664 et
414 1625 495 1663 fari
521 1625 653 1678 possit
682 1639 787 1679 quae
815 1627 984 1675 sentiat,
1008 1634 1058 1667 ret
1087 1625 1155 1665 cui

93 1676 221 1726 ratia‚
248 1676 380 1725 fama,
408 1677 605 1716 valetudo
634 1678 844 1730 contingat
872 1679 1054 1727 abunde,
1322 1691 1369 1718 10

51 1730 110 1768 Et
136 1729 313 1768 mundus
342 1730 497 1779 victus,
526 1743 610 1769 non
637 1729 855 1768 deficiente
878 1729 1104 1770 crumena?

51 1783 166 1821 Inter
192 1795 311 1835 spem
336 1795 585 1838 curamque,
611 1782 784 1821 timores
815 1782 926 1822 inter
954 1791 996 1823 et
1022 1784 1126 1834 iras,

49 1958 96 1966 —
116 1950 148 1973 v.
169 1942 223 1974 32.
255 1951 299 1973 ac
327 1951 386 1972 vos
411 1940 522 1972 Bentl.
548 1951 568 1973 e
590 1940 705 1974 Codd.
739 1958 786 1966 —
815 1951 847 1975 v·
869 1943 924 1977 33.
956 1951 1071 1976 versat
1091 1943 1206 1978 Codd.
1232 1944 1367 1989 aliquot

49 1985 140 2019 Feae
158 1991 192 2018 et
214 1986 475 2030 antiquissimae
497 1984 587 2017 Edd.

58 2086 62 2088 ῃ
112 2044 174 2086 IV,
197 2056 228 2076 v.
246 2055 280 2088 9.
314 2046 410 2078 Hanc
433 2046 625 2078 lectionem
650 2046 762 2080 BentL
794 2057 837 2079 ex
866 2046 1005 2091 optimis
1037 2046 1151 2080 Codd.
1178 2050 1365 2081 revocavit.

52 2088 148 2120 Olim
169 2090 260 2132 vulg.
289 2093 405 2132 Quam
424 2102 544 2135 sapere
567 2089 698 2135 ecfari
712 2099 753 2124 ut
765 2093 886 2135 possit.
910 2092 1032 2124 Plures
1060 2092 1174 2124 Codd.
1198 2095 1364 2126 Torrent.

53 2133 150 2175 Quin
172 2145 247 2178 sap.
272 2139 340 2168 etc.
364 2135 448 2169 Vid.
471 2135 584 2168 Bentl.
608 2153 653 2160 -
674 2147 704 2167 v.
731 2147 782 2169 n.
807 2137 864 2169 Ita.
876 2147 997 2170 omnes
1014 2137 1103 2169 Edd.
1126 2149 1207 2170 cum
1230 2139 1363 2170 maiore

51 2183 152 2220 parte
172 2177 288 2211 Codd.
303 2179 465 2223 ‘Aliquot
487 2186 604 2214 tamen
622 2179 736 2214 Codd.
765 2180 898 2215 Modus
926 2189 960 2216 et
979 2182 1112 2225 vnctus,
1134 2182 1230 2216 unde
1250 2183 1363 2216 Bentl.

53 2222 148 2259 coni.
168 2221 305 2257 Domus
322 2231 358 2258 et
381 2225 504 2260 victus.
