1526 2404
485 166 720 193 nummus:
748 166 834 192 mn.
862 154 892 192 1.
918 154 958 196 3.
1335 167 1383 208 ¹9

62 263 216 303 cetera
240 262 342 302 item
359 260 396 302 In
454 267 583 300 neunt
609 259 754 299 stultis·
768 258 1006 300 haerentia
1035 272 1113 300 cur
1141 275 1227 302 non

60 313 327 355 Ponderibus
354 327 423 354 mo
454 314 619 367 ulisque
645 313 730 351 suis
756 312 863 353 ratio
890 310 1052 352 utitur?
1078 327 1127 355 ac
1150 329 1221 356 res

63 369 118 408 Ut
145 380 339 423 quaeque
366 374 456 416 est,
484 366 540 405 ita
566 365 778 418 suppliciis
806 365 958 406 delicta
985 367 1189 409 coercet?

58 421 104 460 Si
131 421 223 476 quis
252 434 349 460 eum
375 433 568 467 servum,
595 418 774 471 patinam
803 419 878 474 qui
902 418 1056 459 tollere
1083 421 1219 462 iussus
1321 423 1375 463 80

57 473 253 514 Semesos
280 473 404 527 piscis
431 472 703 526 tepidtunque
733 471 963 526 ligurrierit
989 471 1079 524 ius,

57 528 102 566 Ιιι
130 540 258 566 cruce
284 525 476 579 suffigat,
504 524 700 564 Labeone
727 525 910 564 insanior
935 525 1046 565 inter

56 578 187 619 Sanos
215 580 391 619 dicatur.
441 578 610 636 Quanto
637 577 719 617 hoc
748 578 950 618 furiosius
984 587 1109 634 atque

55 633 186 672 Maius
211 640 432 686 peccatum
461 630 545 670 est!
574 630 752 675 Paulum
779 631 958 686 deliquit
975 635 1162 687 amicu53

99 685 186 724 uod
211 685 290 724 nisi
317 684 544 733 concedas,
570 683 753 724 habeare
781 684 984 736 insuavis3
1012 688 1189 727 acerbus
1319 690 1373 730 85

101 739 217 786 disti,
250 746 294 776 et
319 737 455 790 fugis⁷
492 745 539 776 ut
564 738 779 776 Rusonem
806 737 976 778 debitor
1003 741 1133 790 aeris,

53 791 143 882 δαὶ
169 790 269 839 nisi,
297 805 426 845 quum
451 791 594 837 tristes,
617 790 770 829 misero
800 804 956 830 venere
985 792 1216 844 Calendae‚

4 839 8 842 ’
99 843 294 883 ercedem
321 851 392 882 aut
421 856 611 885 nummos
639 843 751 882 unde
779 843 890 883 unde
919 846 1118 894 extricat,
1149 862 1307 888 amaras

55 897 263 935 Porrecto
288 896 331 934 iu
364 896 433 935 ulo
462 896 680 946 historias,
712 897 898 949 captivus
924 905 995 947 ut,
1023 899 1149 940 audit.

56 949 306 988 Comminxit
352 957 492 988 ectum
519 957 644 1002 potus
661 979 672 999 ‚
702 963 896 990 mensave
925 951 1108 992 catillum
1320 967 1372 1009 90

56 1001 244 1040 Evandri
270 1002 456 1042 manibus
483 1003 628 1042 tritum
656 1001 829 1041 deiecit:
858 1002 913 1042 ob
940 1003 1047 1045 hanc
1072 1019 1188 1056 rem,

57 1054 143 1093 Aut
169 1054 352 1108 positum
379 1064 474 1095 ante
500 1069 593 1095 mea
620 1055 716 1110 quia
740 1055 903 1108 pullum
929 1057 971 1096 in
996 1057 1119 1111 parte
1146 1060 1268 1100 catini

60 1106 236 1147 Sustulit
262 1108 448 1147 esuriens
464 1138 476 1156 ,
504 1107 636 1147 minus
663 1107 746 1148 hoc
772 1108 978 1150 iucundus
1006 1112 1160 1151 amicus

58 1159 278 1199 Sit-mihi?
307 1160 421 1221 Quid
448 1161 620 1210 faciam,
648 1161 683 1200 si
709 1161 871 1200 furtum
897 1162 1081 1203 fecerit?
1110 1173 1182 1204 aut
1208 1168 1243 1206 si

56 1212 300 1253 Prodiderit
327 1215 543 1255 commissa
569 1213 652 1254 fide
665 1213 685 1252 ἱ)
714 1227 966 1267 sponsumve
992 1217 1186 1271 negarit?
1320 1223 1372 1276 95

99 1266 189 1305 ueis
215 1266 331 1319 paria
359 1279 451 1306 esse
475 1267 571 1307 fere
598 1267 754 1321 placuit
781 1277 978 1320 peccata,
1004 1270 1219 1323 laborant,

98 1333 198 1358 uum
222 1327 394 1365 ventum
420 1319 474 1359 ad
502 1334 650 1361 verum
676 1328 760 1360 est:
789 1334 934 1360 sensus
961 1333 1187 1381 moresque
1214 1341 1370 1383 repug-

840 1383 961 1426 nant,
1138 1426 1141 1427 ⁷

56 1424 197 1479 Atque
222 1425 312 1478 ipsa
338 1426 515 1478 utilitas,
542 1427 639 1467 iusti
663 1443 800 1482 prope
826 1436 962 1468 mater
989 1437 1034 1469 et
1059 1432 1196 1485 aequi.

54 1476 197 1569 guum
219 1489 523 1531 prorepserunt
552 1482 696 1534 primis
725 1482 912 1521 animalia
937 1483 1086 1532 terris,

54 1564 67 1570 -
99 1538 216 1569 utum
233 1538 276 1569 et
287 1539 412 1583 turpe
425 1546 554 1584 pecus
566 1563 578 1583 ‚
591 1535 784 1587 glandem
799 1543 922 1589 atque
939 1535 1089 1574 cubilia
1099 1547 1278 1591 propter
1295 1555 1368 1582 ioo

54 1582 272 1636 Unguibus
301 1591 344 1622 et
370 1585 540 1637 pugni8‚
568 1587 663 1625 dein
688 1587 891 1636 fustibus,
922 1596 1047 1643 atque
1072 1590 1130 1627 ita
1155 1605 1287 1644 porro
1326 1584 1333 1592 ¹

55 1635 302 1689 Pugnabant
326 1637 470 1686 armis,
499 1652 606 1691 quae
632 1648 728 1692 post
760 1640 1041 1690 fabricaverat
1067 1656 1166 1681 usus
1176 1659 1189 1694 3

56 1690 205 1728 Donec
235 1688 383 1736 verba,
411 1689 560 1743 quibus
593 1705 715 1731 voces
742 1706 971 1746 sensusque
997 1703 1214 1749 notarent,

54 1742 311 1795 Nominaque
339 1742 558 1781 invenere:
587 1743 736 1784 dehinc
763 1745 963 1785 absistere
990 1746 1128 1798 bello,

57 1794 225 1848 Oppida
253 1796 483 1847 coeperunt
510 1798 694 1847 munire,
723 1808 766 1837 et
791 1812 952 1852 ponere
978 1799 1120 1853 legeS,
1294 1807 1367 1846 105

54 1848 118 1886 Ne
144 1847 235 1902 quis
263 1846 335 1886 fur
364 1856 494 1896 esset,
522 1861 606 1887 neu
632 1851 762 1902 latro,
788 1865 873 1890 neu
902 1852 993 1906 quis
1021 1853 1198 1895 adulter.

13 1908 18 1912 ’
54 1901 159 1939 Nam
184 1900 268 1939 fuit
294 1908 388 1940 ante
416 1901 621 1941 Helenam
648 1915 803 1944 cunnus
829 1905 1046 1945 teterrima
1071 1905 1173 1947 belli

54 2041 91 2063 v.
115 2031 172 2063 82.
203 2030 354 2064 Labieno
387 2032 481 2064 coni.
514 2031 636 2065 Bentl.
667 2045 773 2078 quem
795 2035 839 2067 V.
864 2037 951 2070 coll.
975 2039 1154 2072 Wieland.
1179 2047 1214 2073 et
1240 2042 1366 2074 Heind.

55 2073 207 2108 Labionc
230 2087 317 2108 unus
344 2075 452 2109 Fene.
474 2076 565 2109 Cod.
587 2096 633 2102 —
655 2091 691 2111 v.
717 2080 773 2112 86.
799 2079 974 2114 Rusonem
997 2089 1121 2116 omnes
1145 2086 1219 2118 fere
1244 2086 1364 2120 codd.

57 2118 153 2152 Olim
175 2123 366 2165 pleraeque
392 2121 481 2153 Edd.
506 2122 704 2155 Drusonem
730 2124 772 2156 V.
798 2124 909 2158 Bentl.
930 2145 975 2152 —-
998 2140 1034 2160 v.
1056 2140 1114 2171 9¹·
1142 2139 1272 2163 tortum
1298 2143 1365 2175 pro

57 2164 174 2195 ιηἐιιηι
190 2166 323 2198 Bentlei
338 2177 424 2197 unus
442 2165 534 2199 Cod.
551 2168 614 2210 ipsi
635 2169 837 2212 probatum.
863 2171 946 2204 Sed.
965 2173 1021 2206 Cf.
1036 2174 1158 2206 Heind.
1187 2194 1231 2201 -
1252 2188 1288 2208 v.
1306 2187 1364 2218 99.

56 2209 219 2241 acu'malia
241 2210 358 2254 glebis.
383 2211 447 2244 Ed.
473 2212 563 2244 Ven.
593 2216 687 2256 1509.
