1526 2404
485 211 723 240 sannionum
746 212 832 240 un.
859 200 907 239 11.
932 213 973 251 7.
1333 198 1387 253 93

63 307 128 346 Te
156 307 309 346 coniux
336 307 470 348 aliena
496 307 631 362 capit,
657 304 927 345 meretricula
948 304 1138 345 Davmm

60 359 220 399 Peccat
244 367 343 400 uter
371 369 561 401 nostrum
590 371 717 398 cruce
745 358 787 397 di
818 358 940 397 nius?
966 358 1089 397 Acris
1118 357 1191 398 ubi
1217 370 1288 399 me

61 413 219 451 Natura
244 411 453 463 incendit,
482 412 560 452 sub
591 412 703 451 clara
727 425 786 450 nu
817 425 839 450 a
862 411 1034 450 lucerna

104 477 352 520 uaecumque
382 467 548 519 excepit
574 464 781 518 turgentis
810 463 993 503 verbera
1023 463 1208 515 caudae,

62 516 262 556 blunibus
291 527 362 558 aut
391 518 563 572 agitavit
591 531 746 572 equum
774 517 928 555 lasciva
956 517 1174 570 supinum:
1332 516 1387 558 50

59 569 244 609 Dimittit
271 585 325 610 ne
387 585 411 611 e
439 571 670 619 famosum,
697 583 836 624 neque
862 569 1110 619 sollicitum,
1137 581 1192 607 ne

59 621 201 662 Ditior
227 631 299 662 aut
323 625 490 663 formae
517 622 703 662 melioris
734 622 861 661 meiat
892 622 1057 662 eodem.

59 676 148 725 Tu,
176 689 306 729 quum
334 676 535 730 proiectis
562 674 814 729 insignibus,
843 675 994 714 annulo
1027 674 1216 729 equestri

56 728 337 782 Romanoque
365 728 532 778 habitu,
561 728 708 782 prodis
739 741 791 767 ex
819 728 960 766 iudice
981 729 1118 767 Dama

58 780 235 833 Turpis,
264 781 488 821 odoratum
516 789 641 834 caput
671 780 924 819 obscurante
951 781 1144 831 lacerna,
1330 780 1386 821 55

55 834 151 871 Non
178 846 223 872 es
252 834 368 888 quod
396 834 597 873 simulas?
624 835 817 872 Metuens
842 833 1081 884 induceris,
1109 842 1240 889 atque

58 885 308 926 Altercante
333 887 571 926 libidinibus
597 886 742 925 tremis
767 900 862 925 ossa
888 899 1065 938 pavore.

58 937 175 995 Quid
201 938 365 989 refert,
386 941 478 991 uri,
507 939 636 992 virgis
664 939 872 993 ferroque
901 939 1043 978 necari

55 991 313 1031 Auctoratus
341 1006 434 1042 eas,
464 1006 514 1031 an
539 992 656 1044 turpi
685 992 848 1030 clausus
874 991 916 1029 in
944 1005 1064 1043 arca,

58 1042 156 1099 Quo
178 1051 222 1082 te
251 1044 417 1084 demisit
479 1045 612 1084 eccati
638 1044 804 1083 conscia
831 1044 1002 1093 herilis,
1331 1043 1385 1085 60

58 1098 328 1136 Contractum
357 1099 451 1150 geni
480 1092 530 1136 ‘us
558 1106 702 1150 tangas
732 1096 885 1150 caput?
910 1098 1043 1136 Estne
1068 1097 1221 1137 marito

55 1150 272 1190 Matronae
300 1151 514 1204 peccantis
542 1150 583 1188 in
612 1149 735 1188 ambo
764 1150 873 1188 iusta
899 1149 1117 1202 potestas?

58 1202 105 1240 In
133 1211 431 1264 corruptorem
454 1203 524 1242 vel
552 1203 720 1242 iustior:
747 1202 819 1241 illa
843 1207 984 1242 tamen
1010 1216 1056 1242 se

57 1255 151 1293 Non
179 1254 325 1294 habltu
354 1264 545 1295 mutatve
575 1256 696 1304 loco,
723 1264 926 1308 peccatve
955 1269 1163 1308 superne,

55 1306 199 1399 guum
228 1316 271 1347 te
298 1307 503 1347 formidet
532 1308 706 1357 mulier,
739 1321 878 1368 neque
908 1309 1055 1348 credat
1083 1309 1256 1348 amanti:
1331 1308 1384 1350 65

103 1360 138 1398 is
167 1359 244 1398 sub
275 1360 440 1400 furcam
467 1361 680 1414 prudeus,
709 1361 966 1414 dommoque
991 1361 1153 1400 furenti

58 1412 331 1452 Committens
351 1427 442 1455 rem
460 1427 627 1453 omnem
647 1421 690 1452 et
705 1414 829 1453 vitam
847 1422 890 1452 et
903 1427 999 1452 cum
1014 1427 1197 1466 corpore
1212 1413 1382 1455 famam.

55 1465 221 1504 Evasti:
249 1474 437 1515 metues,
466 1466 621 1515 credo,
652 1465 889 1520 doctusque
916 1466 1097 1506 cavebis.

59 1516 276 1573 Quaeres,
306 1518 474 1572 quando
501 1519 654 1558 iterum
683 1532 837 1571 paveas
866 1519 1104 1574 iterumque
1132 1520 1276 1573 perire

57 1569 226 1619 Possis,
254 1583 280 1608 o
308 1571 434 1609 toties
463 1571 632 1609 servus!
663 1571 785 1628 Quae
814 1571 957 1609 bellua
983 1572 1142 1624 ruptis,
1328 1587 1383 1626 70

56 1623 203 1714 guum
233 1622 365 1660 semel
394 1623 575 1676 effugit,
602 1623 744 1662 reddit
775 1636 821 1661 se
851 1638 981 1676 prava
1011 1623 1197 1663 catenis?

96 1689 152 1715 on
169 1687 261 1712 sum
282 1675 506 1723 moechus,
525 1674 596 1712 ais.
614 1676 762 1729 Neque
784 1688 864 1728 ego
884 1676 1059 1714 hercule
1080 1676 1174 1727 sur,
1193 1675 1267 1716 uhi
1283 1691 1383 1719 vasa

55 1729 287 1767 Praetereo
317 1727 480 1779 sapiens
509 1735 719 1780 argentea.
763 1729 886 1766 'l'olle
915 1729 1142 1780 periclum:

57 1781 143 1819 lam
175 1793 279 1832 vaga
307 1780 498 1831 prosiliet
527 1778 658 1817 frenis
686 1788 833 1818 natura
862 1781 1049 1820 remotis.
1074 1796 1076 1800 ’

59 1835 180 1872 Tune
198 1831 300 1870 mihi
321 1832 511 1870 dominus
523 1861 534 1881 ,
559 1845 702 1870 rerum
720 1833 904 1884 imperiis
923 1833 1222 1887 hominumque
1327 1835 1384 1886 75

59 1887 96 1924 T
100 1893 147 1925 ot
162 1884 371 1938 tantisque
394 1884 552 1932 minor,
582 1898 708 1938 quem
726 1893 795 1923 ter
816 1885 995 1924 vindicta
1014 1894 1249 1940 quaterque

57 1938 117 1976 lm
151 1938 255 1976 osita
281 1936 394 1975 haud
417 1950 599 1990 unquam
632 1937 783 1975 misera
811 1937 1036 1978 formidine
1063 1937 1236 1991 privet?

58 1990 98 2029 A
127 1990 184 2029 de
209 2003 362 2043 super,
391 1989 511 2028 dictis
540 1988 659 2043 quod
684 2002 771 2028 non
800 1989 936 2030 levius
963 1992 1123 2032 valeat:
1150 2004 1246 2030 nam

60 2162 107 2173 -—
125 2159 158 2180 v.
166 2146 224 2190 64.
246 2149 368 2193 supine
387 2149 531 2183 coniicit
549 2160 616 2193 pro
635 2161 783 2194 superne
795 2128 1057 2190 Petu-Nunnius
1072 2150 1221 2183 Miscell.
1240 2150 1304 2182 lib.
1317 2149 1380 2182 IV.

60 2191 236 2234 probante
261 2193 364 2226 Both.
386 2195 569 2226 Annotatt.
594 2213 640 2219 —
673 2206 703 2225 v.
725 2195 779 2236 78.
814 2195 867 2226 Ita
898 2204 919 2227 e
939 2194 1100 2239 pluribus
1130 2194 1246 2228 Codd.
1268 2195 1379 2228 Benu.

63 2244 170 2278 quem
187 2236 274 2270 vid.
295 2237 393 2271 Olim
414 2240 506 2282 vulg.
529 2250 641 2284 supra
662 2237 776 2272 datia
