1526 2404
485 121 713 171 cainum
744 121 829 149 un.
856 109 898 158 Ι,
926 121 965 159 7.
1342 116 1390 156 ¹7

592 243 780 280 Cannu-:u
809 238 895 282 Vll.
970 284 979 294 „

366 325 447 364 AD
476 324 774 364 MUNATJUM
798 300 1080 362 PLANCUM.

146 416 342 448 Munatium
375 414 568 453 Plancum,
609 419 799 456 postquam
833 411 978 454 Augusti
1021 409 1132 451 gratia
1175 408 1386 449 excidisset,

0 474 4 477 ·
57 469 144 503 prae
167 461 273 492 animi
299 469 466 492 moerore
496 458 733 490 voluntarium
766 456 913 489 exilium
946 456 1167 486 minitantem
1189 464 1210 486 a
1233 454 1386 486 consilio

55 513 227 582 revlgcare
250 510 425 544 conatur,
463 503 609 536 laudato
630 502 764 535 Tibure
799 509 887 545 prae
913 499 1077 532 omnibus
1100 498 1275 532 Graeciae
1299 498 1384 532 eivi-

55 550 117 582 tat‘
146 560 198 582 us.

56 637 209 672 Meo-um
233 637 472 674 Alamannam,
502 637 541 668 in
574 647 646 682 quo
678 633 915 668 hexametrum
946 632 1122 666 heroic-mn
1158 631 1385 678 subsequitur
1414 652 1419 658 ι

60 691 67 693 “
323 679 524 725 dactylicus
550 692 669 713 versus
694 687 892 714 tetrameter
915 677 1119 711 cataleczus.

6 774 9 777 ’
56 770 307 811 Laudabunt
331 768 403 808 alii
430 768 586 808 claram
609 766 815 815 Rhodon,
844 773 915 805 aut
949 764 1201 818 Mitylenen,

113 824 200 864 Aut
225 823 447 878 Epheson,
475 821 700 860 bimarisve
730 818 966 858 Corinthi*s

59 876 251 926 Moenia,
279 876 349 916 vel
374 873 544 913 Baccho
573 872 762 920 Thebas,
792 871 860 910 vel
888 870 1084 924 Apolline
1112 869 1305 924 Delphos

112 928 321 982 hsignes,
349 933 420 966 aut
446 924 648 965 Thessala
674 926 851 976 Tempe.

54 980 161 1019 Sunt
187 979 339 1035 quibus
365 992 494 1018 unum
522 989 627 1031 opus
655 984 740 1025 est,
766 976 955 1015 intactae
972 974 1155 1015 Palladis
1195 988 1314 1016 arces
1355 968 1384 1016 5

107 1033 300 1072 Carmine
329 1038 540 1085 perpetuo
579 1027 820 1077 celebrare,

55 1084 250 1139 Undique
275 1084 383 1124 dece
436 1090 522 1121 tam
548 1081 681 1120 fronti
706 1093 973 1133 praeponere
1002 1079 1168 1120 olivam.

106 1136 318 1176 Plurimus
345 1135 387 1174 in
433 1133 581 1173 anonis
609 1133 814 1172 honorem

53 1189 212 1242 Aptum
238 1188 339 1228 dicit
366 1187 485 1241 equis
512 1187 653 1240 Argos
687 1185 880 1239 ditesque
907 1186 1111 1237 Mycenas.

104 1241 175 1280 Me
202 1253 280 1280 nec
307 1248 391 1280 tam
416 1239 576 1292 patiens
608 1237 901 1277 Laeedaemon
1336 1251 1382 1277 ιο

52 1294 140 1333 Nec
165 1300 252 1332 tam
279 1292 469 1331 Larissae
526 1290 706 1330 'ercussit
732 1303 903 1343 campus
925 1291 1133 1343 opimae‚‘

147 1360 243 1384 uam
271 1345 419 1384 domus
447 1344 498 1382 Al
530 1356 664 1382 uneae
698 1342 953 1393 resonantis,

50 1398 106 1437 Et
161 1410 339 1449 raeceps
367 1397 499 1445 Anio,
528 1409 576 1434 ac
603 1395 779 1434 Tiburni
800 1395 945 1445 lucus,
965 1403 1008 1435 et
1028 1394 1111 1434 uda

156 1448 549 1502 obilibuspomaria
576 1448 690 1486 rivis.

51 1500 182 1541 Albus
210 1510 257 1540 ut
286 1500 468 1540 obscuro
498 1500 695 1554 deterget
722 1499 863 1539 nubila
890 1500 1013 1539 coelo
1175 1520 1178 1522 >
1331 1501 1379 1541 15

107 1554 245 1606 Saepe
277 1555 434 1601 Notus,
459 1565 597 1607 neque
626 1553 806 1606 parturit
831 1551 988 1591 imbres

57 1607 317 1659 Perpetuos:
347 1606 405 1644 sic
432 1613 479 1643 tu
506 1605 669 1658 sapiens
697 1604 817 1644 finire
844 1611 1057 1644 memento

104 1658 333 1697 Tristitiam
365 1657 558 1710 vitaeque
594 1657 763 1697 labores

49 1710 188 1759 Molli,
214 1710 394 1758 Plance,
420 1722 562 1758 mero,
591 1723 668 1749 seu
694 1718 738 1749 te
775 1709 980 1762 fulgentia
1007 1709 1135 1763 signis

105 1763 248 1802 Castra
275 1769 444 1811 tenent,
474 1774 550 1800 seu
577 1762 706 1802 densa
739 1762 899 1803 tenebit
1322 1775 1374 1804 20

116 1919 202 1959 vn,
232 1931 262 1950 ν.
277 1919 308 1951 5.
335 1930 445 1951 arce-5.
465 1919 520 1951 Ita
543 1918 656 1952 Bentl.
682 1930 787 1962 quem
810 1919 910 1960 vide,
934 1918 1033 1950 dedit
1054 1930 1072 1950 e
1091 1918 1207 1951 Codd.
1234 1919 1371 1962 aliquot

48 1963 207 1994 Lambini
233 1967 269 1994 et
290 1974 355 1995 suo
374 1964 580 2005 Reginensi,
601 1962 728 2006 quihus
746 1964 923 1995 accedunt
935 1964 1073 1995 Vandd.
1090 1974 1120 1995 2.
1147 1975 1261 1995 arcem
1278 1964 1368 1995 eod.

46 2007 177 2038 Ber-sm.
208 2006 324 2039 urbem
347 2009 510 2052 plerique
534 2007 650 2039 Codd.
676 2012 712 2039 et
733 2007 824 2039 Edd.
840 2008 895 2040 Cf,
910 2009 993 2040 Fea.
1016 2025 1062 2032 --
1084 2019 1119 2040 v.
1135 2018 1169 2049 7.
1193 2008 1370 2045 Erasmm,

45 2051 205 2084 Lambin.
230 2051 289 2083 alii
324 2053 439 2084 invitis
463 2051 658 2084 codicibus
688 2050 866 2096 decerptae
884 2050 1027 2095 fi·ondi.
1060 2052 1248 2084 Schrader.
1275 2053 1368 2084 coni.

49 2094 132 2127 Inde
159 2108 221 2134 ue,
242 2098 382 2140 recepit
394 2095 535 2129 Mitsch.
560 2095 712 2138 Doering.
733 2095 787 2127 cf.
810 2096 924 2128 Bentl.
938 2112 983 2122 --
1007 2108 1041 2128 v.
1056 2106 1089 2139 9.
1115 2096 1206 2131 dicet
1225 2107 1368 2140 magnus

47 2139 126 2172 eod
154 2163 162 2171 .
184 2150 372 2184 nnmerum
396 2141 536 2187 recepit
559 2140 672 2173 Bentl.
697 2151 804 2184 quem
829 2140 872 2173 V.

88 2192 209 2225 Horat.
234 2193 261 2225 1.
433 2221 454 2229 ,
1077 2195 1100 2223 2
