1526 2404
144 131 219 183 ιω
583 141 623 186 q.
650 142 841 178 nona-ru-
861 143 1021 174 runc:
1039 160 1041 162 -

141 242 268 283 ¹Hunc
293 241 408 282 socci
436 252 593 295 cepere
619 239 776 293 pedem
804 239 1067 295 grandesque
1095 238 1313 293 cothurni,
1384 241 1460 295 ,80

141 295 326 337 Alternis
357 303 500 348 aptum
527 293 812 343 sermonibus,
841 301 885 333 et
910 306 967 347 po
1003 292 1139 334 ulares

141 349 392 392 Vincentem
421 347 644 400 strepitus,
676 355 719 386 et
745 356 887 386 natum
918 359 967 386 re
998 360 1046 386 us
1064 346 1260 401 tegendis.

142 403 262 441 Musa
291 402 408 441 dedit
430 401 582 440 fidibus
610 401 768 451 Divos,
795 413 1038 455 puerosque
1062 399 1275 451 Deorum,

142 454 200 495 Et
226 456 415 509 pugilem
443 455 671 504 victorem,
703 462 746 493 et
775 467 931 509 equum
961 453 1188 494 certamine
1213 454 1418 508 primum,

143 510 201 548 Et
227 510 427 549 iuvenum
453 522 596 558 curas,
627 516 670 547 et
694 507 828 547 libera
855 507 950 547 vina
975 506 1158 547 referre.
1409 507 1463 547 85

143 563 390 616 Descriptas
421 575 591 602 servare
620 562 732 601 vices
762 575 1026 615 operumque
1054 559 1246 612 colores,

146 617 234 655 Cur
263 630 367 670 ego,
397 616 431 654 si
457 629 623 669 nequeo
652 615 912 669 ignoroque,
939 617 1068 667 poeta
1093 611 1285 654 salutor?

146 670 234 709 Cur
260 670 444 719 nescire,
474 669 636 722 pudens
665 682 818 721 prave,
848 682 972 723 quam
999 667 1164 707 discere
1191 663 1335 707 malo?

143 723 349 766 Versibus
379 723 532 775 exponi
558 722 728 775 tragicis
755 735 824 761 res
854 721 1013 761 comica
1039 734 1125 760 non
1151 721 1244 762 vult
1251 735 1268 774 3

145 778 387 831 Indignatur
415 777 515 815 item
542 775 740 829 privatis,
772 789 819 816 ac
845 788 982 828 prope
1011 788 1137 814 socco
1413 778 1466 827 qo'

145 830 293 883 D'ignis
323 829 571 869 carminibus
599 829 758 868 narrari
786 842 919 868 coena
951 827 1172 880 Thyestae.
1343 828 1349 834 ⁴

146 884 320 937 Singula
347 896 542 938 quaeque
570 884 711 922 locum
736 890 908 922 teneant
935 881 1082 922 sortita
1109 883 1322 923 decenter.

146 937 362 977 Interdum
387 945 529 978 tamen
557 944 600 975 et
629 949 780 975 vocem
809 935 1038 974 Comoedia
1066 936 1202 990 tollit,

145 992 366 1045 Iratusque
396 990 598 1029 Chremes
624 989 785 1028 tumido
814 988 1005 1042 delitigat
1032 1003 1130 1030 ore:

145 1045 203 1084 Et
230 1045 412 1097 tragicus
441 1043 693 1098 plerumque
725 1042 842 1082 dolet
869 1055 1064 1083 sermone
1091 1040 1282 1096 pedestri
1415 1039 1468 1094 95

146 1098 363 1150 Telephus
390 1105 431 1136 et
460 1097 636 1147 Peleus,
667 1110 795 1150 quum
823 1109 985 1149 pauper
1017 1104 1061 1135 et
1091 1097 1231 1148 exsul,
1260 1102 1440 1149 uterque
1465 1127 1470 1131 .

145 1151 322 1191 Proiieit
351 1151 551 1202 ampullas
581 1158 623 1188 et
650 1149 956 1202 sesquipedalia
981 1148 1134 1200 verba,

148 1204 194 1243 Si
221 1218 296 1243 cor
324 1203 548 1256 spectantis
577 1210 694 1240 curat
722 1202 911 1254 tetigisse
939 1203 1125 1255 querela.

146 1259 242 1296 Non
268 1256 364 1296 satis
392 1264 456 1295 est
485 1255 661 1308 pulchra
689 1267 782 1293 esse
809 1256 1003 1307 poemata
1013 1269 1025 1306 3
1053 1254 1191 1294 dulcia
1218 1263 1365 1306 sunto,

147 1312 205 1350 Et
228 1321 480 1365 quocunque
508 1309 674 1357 volent,
703 1307 882 1346 animum
910 1307 1110 1348 auditoris
1139 1316 1309 1364 agunto.
1393 1319 1468 1348 100

148 1365 206 1403 Ut
231 1362 463 1402 ridentibus
490 1362 695 1410 arrident,
724 1360 781 1400 ita
807 1358 1003 1400 flentibus
1029 1361 1178 1401 adsunt

148 1416 332 1457 Humani
357 1416 510 1455 vultus.
566 1414 612 1454 Si
639 1414 700 1453 vis
728 1426 797 1452 me
823 1411 953 1458 flere,
981 1414 1209 1454 dolendum
1237 1420 1302 1455 est

149 1471 337 1512 Primum
364 1468 444 1522 ipsi
469 1468 569 1520 tibi3
598 1475 697 1507 tunc
724 1474 796 1505 tua
822 1478 890 1506 me
916 1466 1145 1508 infortunia
1170 1469 1362 1521 laedent,

151 1523 341 1577 Telephe
368 1522 439 1562 vel
466 1522 612 1561 Peleu.
666 1520 776 1559 Male
804 1519 839 1559 si
863 1521 1053 1561 mandata
1078 1521 1290 1577 loqueris,

150 1578 239 1618 Aut
265 1575 499 1616 dormitabo
531 1583 601 1614 aut
626 1573 789 1613 ridebo.
845 1574 998 1614 Tristia
1023 1583 1233 1616 moestum
1392 1570 1472 1615 105

151 1632 327 1674 Vultum
353 1629 481 1669 verba
510 1629 682 1678 decent3
711 1627 863 1666 iratum
891 1628 1270 1681 plena'minarum3

152 1684 389 1736 Ludentem
414 1682 593 1732 lasciva3
622 1694 819 1720 severum
849 1682 957 1720 seria
988 1680 1114 1722 dictu.

153 1738 189 1787 F
194 1735 462 1776 ormatfenim
491 1744 636 1774 natura
659 1734 773 1787 prius
801 1747 876 1773 nos
906 1735 1014 1774 intus
1041 1735 1093 1774 ad
1121 1748 1287 1780 omnem

153 1791 438 1831 Fortunarum
465 1788 676 1838 habitum·9
707 1787 842 1837 iuvat,
872 1796 942 1827 aut
969 1787 1145 1842 impellit
1173 1787 1226 1829 ad
1252 1788 1378 1839 iram,
1459 1830 1462 1832 ,

153 1845 242 1885 Aut
269 1843 321 1882 ad
347 1842 519 1882 humum
544 1854 741 1881 moerore
769 1841 886 1893 gravi
917 1841 1087 1881 deducit
1115 1850 1158 1881 et
1183 1841 1320 1895 angitj,
1396 1850 1470 1878 no

154 1899 260 1937 Post
288 1895 415 1936 effert
441 1896 562 1935 animi
590 1899 728 1934 motus
755 1894 988 1947 interprete
1013 1895 1165 1949 lingua.

156 1951 202 1990 Si
230 1949 404 1990 dicentis
433 1957 555 1990 erunt
582 1948 762 1988 fortunis
793 1947 948 1987 absona
977 1948 1108 2000 dicta,

155 2070 200 2078 --
219 2061 256 2083 v.
283 2060 338 2093 92.
365 2047 536 2081 decentem
552 2047 665 2079 Bentl.
681 2059 699 2081 e
717 2046 833 2080 codd.
849 2067 894 2073 —
915 2060 953 2081 v.
968 2056 1026 2092 95.
1047 2048 1232 2089 Punctum,
1254 2044 1351 2091 quod
1363 2046 1468 2089 vulgo

156 2096 239 2143 post
262 2094 472 2128 vocabulum
495 2092 650 2138 pedestri
671 2092 869 2135 collocant,
895 2095 1032 2126 sustulit
1056 2094 1168 2127 Benss.
1242 2103 1298 2124 em
1321 2091 1400 2124 vid.
1427 2111 1470 2118 -—

155 2153 194 2175 v.
218 2151 382 2186 99.pura
397 2151 467 2171 esse
483 2146 645 2183 poemata
665 2149 753 2171 unus
768 2136 861 2171 Cod.
880 2139 1052 2180 Bentleii,
1077 2150 1182 2182 quem
1228 2136 1251 2169 s.
1271 2157 1314 2162 —
1329 2147 1367 2168 v.
1393 2146 1468 2171 101.

158 2185 291 2219 adsunt
316 2187 421 2228 longe
437 2184 576 2228 plurimi
603 2184 718 2216 Codd.
745 2183 867 2216 adsint
888 2179 1027 2228 reliqui.
1052 2185 1138 2217 Tan.
1161 2183 1276 2215 Faber
1289 2181 1383 2214 coni.
1403 2181 1468 2214 ad-

158 2233 264 2270 Hent,
288 2230 383 2275 quod
408 2229 582 2275 Bentleius
605 2233 734 2262 tuetur.
