1526 2404
474 193 712 221 mmmmm
741 192 826 219 mn.
852 179 902 218 11.
927 179 969 221 8.
1341 192 1392 232 97

79 288 275 344 Sublegit
301 287 584 345 quodcunque
611 286 769 326 iaceret
792 285 962 336 inutile,
991 286 1191 342 quodque

75 344 228 383 Posset
254 350 478 383 coenantes
507 339 751 381 offendere:
778 347 826 378 ut
850 340 988 379 Attica
1015 340 1135 393 virgo

80 396 187 435 Cum
204 396 341 436 ⁴sacris
371 395 562 445 Cereris,
590 392 785 446 procedit
820 392 964 432 fuscus
991 394 1210 446 Hydaspes

77 448 269 488 Caecuba
298 448 390 490 vina
415 448 581 497 ferens,
613 446 748 485 Alcon
777 445 926 485 Chium
954 447 1078 485 maris
1108 460 1272 499 expers.
1345 450 1393 489 15

77 502 160 541 Hic
187 501 338 552 herus,
366 501 595 550 Albanum,
623 500 863 549 Maecenas,
892 499 981 539 sive
1008 500 1236 538 Falernum

75 556 139 595 Te
167 555 299 610 magis
326 553 526 608 appositis
555 552 758 604 delectat,
785 552 986 592 habemus
1019 561 1259 606 utrumque.

589 621 864 663 Horatius.

72 690 251 731 Divitias
278 689 474 740 miseras!
503 689 590 731 Sed
617 690 735 745 queis
763 689 1032 730 coenantibus
1060 704 1165 742 una,

73 743 288 795 Fundani,
313 743 491 798 pulchre
517 743 649 784 fuerit
673 743 770 795 tibi,
796 757 920 783 nosse
946 742 1107 786 laboro.

567 812 889 852 Fundanius.
946 809 952 816 “

37 910 39 912 .
76 880 273 920 Summus
292 894 373 936 ego
386 911 398 931 ‚
417 889 461 921 et
475 895 612 935 prope
630 895 699 921 me
715 881 865 922 Viscus
883 879 1092 919 Thurinus
1106 909 1118 930 ‚
1133 888 1176 920 et
1193 880 1302 920 infra
1314 911 1326 933 ‚
1341 893 1394 921 20

77 934 123 973 Si
153 934 343 985 memini,
370 934 543 985 Varius5
573 948 667 974 cum
696 934 876 974 Servilio
904 933 1148 972 Balatrone.

74 986 294 1037 Vibidius,
321 1001 429 1042 quos
456 988 674 1028 Maecenas
703 987 933 1026 adduxerat
959 985 1140 1026 umbras.

73 1041 356 1080 Nomentanus
386 1048 477 1080 erat
501 1054 629 1094 super
651 1042 790 1095 ipum,
817 1040 993 1079 Porcius
1019 1038 1142 1078 infra.

75 1093 297 1132 Ridiculus
330 1101 440 1133 totas
469 1093 591 1132 simul
620 1093 855 1133 obsorbere
881 1094 1105 1147 placentas.

27 1150 30 1151 ⁷
74 1147 357 1185 Nomentanus
386 1146 439 1185 ad
464 1145 570 1195 hoc,
599 1148 693 1202 qui,
719 1147 754 1186 si
779 1146 880 1201 quid
915 1145 1031 1185 forte
1059 1145 1235 1196 lateret,
1282 1197 1287 1200 .
1342 1147 1395 1186 25

74 1198 216 1251 Indice
242 1205 496 1238 monstraret
524 1199 678 1254 digito:
704 1214 799 1239 nam
827 1208 969 1240 cetera
995 1198 1140 1246 turba,

74 1253 184 1302 Nos,
214 1252 402 1306 inquam,
432 1265 654 1293 coenamus
685 1266 806 1302 ave8‚
834 1251 1072 1303 conchylia,
1099 1253 1263 1306 pisceS,

74 1305 224 1358 Longe
255 1305 496 1344 dissimilem
522 1314 623 1345 noto
653 1307 828 1346 celantia
856 1319 1048 1355 succum3

74 1357 133 1396 'Ut
157 1358 223 1397 vel
255 1358 452 1397 continuo
480 1359 635 1411 patuit,
662 1374 789 1414 quum
815 1358 996 1412 passeris
1023 1358 1103 1397 assi
1132 1367 1176 1398 et

74 1411 285 1464 Ingustata
310 1411 411 1450 mihi
437 1421 687 1464 porrexerat
713 1413 783 1451 ilia
815 1412 993 1451 rhombi.
1338 1414 1391 1454 30

73 1463 180 1502 Post
204 1463 288 1503 hoc
315 1477 383 1503 me
415 1464 580 1514 docuit,
606 1466 814 1505 melimela
838 1464 996 1504 rubere
1021 1465 1226 1504 minorem

73 1514 144 1553 Ad
170 1515 310 1555 lunam
337 1516 514 1556 delecta.
544 1518 659 1575 Quid
686 1519 768 1558 hoc
798 1519 982 1568 intersit,
1013 1518 1063 1556 ab
1096 1519 1187 1571 ipso

74 1566 271 1607 Audieris
298 1569 459 1608 melius.
487 1572 595 1609 Tum
622 1571 812 1613 Vibidius
841 1571 1076 1610 Balatroni:

73 1620 160 1659 Nos
188 1620 265 1658 nisi
290 1620 487 1660 damnose
512 1622 714 1674 bibimus,
742 1624 971 1662 moriemur
998 1623 1117 1663 inulti
1126 1639 1139 1675 3
1192 1652 1197 1655 ,

73 1672 132 1711 Et
160 1673 307 1712 calices
335 1673 470 1725 poscit
494 1675 686 1714 maiores.
715 1677 896 1717 Vertere
923 1676 1061 1727 pallor
1336 1678 1389 1718 35

76 1727 185 1764 Tum
210 1726 387 1779 parochi
413 1726 588 1777 faciem,
615 1729 671 1766 nil
699 1728 757 1767 sic
785 1729 1008 1767 metuentis
1037 1737 1085 1766 ut
1114 1742 1231 1768 aeres

72 1779 276 1829 Potores‚
305 1779 374 1818 vel
402 1779 516 1834 quod
543 1781 796 1819 maledicunt
822 1780 1015 1830 liberius,
1044 1781 1112 1820 vel

6 1863 10 1868 .
71 1831 255 1871 Fervida
282 1831 399 1887 quod
425 1832 576 1872 subtile
603 1833 827 1873 exsurdant
856 1833 948 1874 vina
972 1834 1167 1887 palatum.

73 2017 117 2023 —
141 2010 173 2030 v.
193 2009 243 2041 ¹7·
269 1998 412 2031 Bothius
431 2011 509 2033 cum
526 1999 729 2032 Heindorfio
749 2001 795 2032 ita
815 2001 906 2035 inter
932 2002 1050 2046 ungit:
1074 2002 1385 2038 habemusutrmn-

73 2054 161 2090 que,
180 2043 334 2076 Divitias
356 2045 510 2077 miseras.
535 2045 589 2077 Cs.
613 2046 724 2077 Bentl.
745 2051 780 2078 et
803 2046 889 2079 Hein
917 2072 924 2079 .
948 2066 994 2072 —
1025 2061 1056 2080 v.
1075 2051 1129 2082 23.
1163 2061 1272 2094 supra
1295 2051 1385 2084 Con.

74 2088 152 2119 Su.
178 2088 231 2119 Cf.
250 2089 374 2121 Heind.
399 2109 443 2115 —
466 2102 496 2121 v.
515 2089 569 2132 24.
593 2090 695 2122 semel
716 2091 834 2134 plures
855 2092 969 2125 Codd.
983 2093 1065 2126 Vid.
1084 2095 1194 2127 Bentl.
1213 2101 1246 2126 et
1260 2096 1384 2128 Heind.

73 2149 119 2156 -—
141 2131 320 2164 absorbere
343 2135 461 2177 plures
484 2134 600 2167 Codd.
625 2135 678 2166 Cf.
700 2135 822 2167 Heind.
841 2155 886 2162 —
909 2149 940 2169 v.
961 2147 1015 2180 29.
1040 2139 1092 2170 Ita
1110 2139 1219 2171 Bentl.
1235 2151 1252 2171 e
1269 2141 1383 2173 Codd.

75 2175 246 2208 Lambini.
281 2178 376 2209 Olim
400 2181 490 2222 vulg.
513 2181 663 2223 passeris
690 2188 796 2225 atque
817 2180 956 2225 Ingust.
991 2183 1102 2217 Iidem
1125 2183 1240 2216 Codd.
1262 2185 1383 2218 Lamb.

73 2229 297 2264 por1·e.re1·at;
325 2225 465 2267 plurimi
489 2225 546 2257 alii
569 2225 766 2270 porrexerit
788 2225 843 2259 Cf.
869 2227 980 2260 Bentl.

121 2273 242 2307 Horat.
258 2275 303 2309 II.
336 2302 338 2304 v
899 2301 905 2315 ι
1066 2285 1093 2323 7
