1526 2404
116 162 190 191 no
566 161 606 201 Q·
634 159 819 187 nonaru
848 159 1004 187 niuem
1050 170 1052 172 v

581 273 775 314 enum<
799 272 969 316 xxvn.

523 363 562 403 A
572 363 613 402 D
641 360 681 402 G
690 363 728 402 A
738 363 774 402 L
785 363 822 402 A
834 365 870 402 T
881 365 918 403 E
931 364 968 403 A
978 364 1034 405 M.

166 455 354 490 Galateam
381 455 426 488 ab
451 454 580 488 itinere
604 452 651 486 ob
678 454 903 487 imminentes
927 443 1161 500 tempestates
1185 451 1407 487 dehortatur.

1397 323 1419 338 l

574 542 731 577 Metram
765 544 795 576 S
793 543 992 590 applu'cum.

114 624 269 678 Impios
296 636 448 678 parrae
475 623 701 664 recinentis
738 637 863 664 omen

112 679 273 728 Ducat,
303 685 347 718 et
367 691 602 731 praegnans
630 677 763 728 canis,
793 685 865 718 aut
894 678 945 718 ab
975 685 1080 732 agro

110 732 230 772 Rava
258 731 489 771 decurrens
519 730 619 784 lupa
646 731 890 783 Lanuvino,

379 784 574 838 Fetaque
602 783 776 837 vulpes;

1414 834 1456 897 ‘a'

111 859 298 912 Rumpat
327 866 371 900 et
398 873 573 913 serpens
601 860 686 900 iter
713 859 971 911 institutum,

112 911 158 950 Si
184 926 265 965 per
293 912 512 968 obliquum
541 912 684 952 similis
709 913 884 968 sagittae

111 965 285 1005 Terruit
309 979 503 1006 mannos:
546 979 627 1020 ego
658 966 726 1006 cui
761 966 946 1018 timebo,

378 1018 591 1060 Providus
621 1032 803 1073 auspex,

111 1093 350 1155 Antequam
379 1102 537 1134 stantes
566 1103 734 1148 repetat
767 1096 945 1149 paludes

111 1146 313 1185 lmbuum
339 1146 476 1186 divina
504 1147 590 1186 avis
631 1148 942 1199 imminentum‚
1312 1192 1316 1195 ,
1408 1157 1455 1186 ¹0

111 1197 315 1239 Oscinem
343 1212 521 1239 corvum
578 1213 678 1239 rece
706 1202 916 1241 suscitabo

379 1251 489 1291 Solis
600 1260 711 1292 ortu.

113 1325 177 1365 Sis
205 1326 306 1366 lieet
332 1326 459 1378 felix,
484 1327 725 1382 ubieunque
760 1327 917 1380 mavis,

111 1379 169 1418 Et
196 1392 361 1419 memor
390 1381 546 1431 nostri,
577 1381 773 1430 Galatea,
814 1381 928 1422 vivas
939 1397 952 1434 3

117 1434 267 1488 Teque
295 1446 375 1472 nec
401 1434 546 1473 laevus
576 1442 694 1474 vetet
721 1433 784 1472 ire
812 1434 956 1487 picus,
1406 1432 1455 1475 15

377 1487 465 1526 Nec
494 1500 600 1540 vaga
628 1486 786 1527 cornix.

112 1551 199 1590 Sed
227 1551 368 1603 vides,
398 1561 553 1608 quanto
582 1554 771 1608 trepidet
812 1556 995 1596 tumultu

110 1605 277 1643 Pronus
309 1605 456 1645 Orion.
486 1608 605 1660 Eg'o,
634 1608 736 1662 quid
772 1609 824 1648 sit
855 1617 947 1648 ater

110 1657 320 1710 Hadriae,
347 1659 469 1709 novi,
498 1660 632 1711 sinus,
660 1669 703 1701 et
741 1662 843 1717 quid
877 1662 995 1701 albus

376 1713 535 1752 Peccet
563 1714 700 1766 Iapyx.
1399 1727 1452 1754 20

112 1778 310 1818 Hostium
338 1792 493 1819 uxores
519 1781 730 1835 puerique
766 1794 916 1822 caecos

111 1830 301 1871 Sentiant
328 1840 467 1871 motus
499 1833 670 1872 orientis
699 1834 866 1886 Austri,
897 1842 940 1875 et
1238 1849 1262 1873 ο
1291 1880 1293 1883 ι

109 1884 324 1940 Aequoris
351 1885 393 1924 ni
424 1886 461 1924 ri
489 1885 729 1938 fremitum,
762 1896 805 1928 et
841 1895 1072 1929 trementes

379 1899 575 1981 &erbere
602 1940 728 1994 ripas.

201 2058 360 2100 XXVII,
382 2069 421 2099 y.
437 2059 469 2091 3.
495 2057 668 2091 Lanivz'no
691 2059 765 2091 Fea
791 2070 897 2102 quem
923 2058 978 2091 Cf.
995 2076 1041 2084 —·
1064 2070 1094 2090 v.
1113 2058 1146 2092 5.
1169 2060 1307 2105 rumpit
1328 2060 1445 2094 Benn.

112 2115 132 2137 e
153 2102 245 2136 Cod.
269 2103 397 2136 Graev.
422 2104 579 2147 itemque
604 2115 693 2136 unus
720 2103 835 2137 Vand.
862 2102 935 2138 Sed
956 2104 997 2136 V.
1021 2103 1121 2136 Jahn.
1146 2123 1191 2131 --
1215 2117 1245 2137 v.
1261 2106 1310 2138 ι5.
1326 2105 1440 2138 Bentl.

113 2159 132 2182 e
149 2146 242 2182 cod.
258 2149 379 2180 Lamh.
411 2156 515 2188 vetat,
544 2149 703 2192 itemque
730 2148 821 2183 cod.
848 2147 954 2183 Brod.
982 2166 1029 2174 —
1051 2159 1080 2181 v.
1100 2158 1152 2182 22.
1180 2150 1322 2185 ονίεηῑίε
1340 2149 1450 2184 haedi

113 2195 206 2227 coni.
235 2194 369 2229 Muret.
389 2191 463 2228 Sed
488 2194 531 2227 V.
553 2193 672 2229 Bentl.
