1526 2404
152 172 208 225 76
599 182 640 225 ρ.
664 160 854 212 'nom-ru
881 161 1059 212 rmum*

161 296 163 300 -
202 309 204 311 ,
668 278 938 318 Horatius.

154 340 302 394 Unde,
328 349 372 383 et
398 356 485 399 quo
508 342 682 384 Catius?

707 407 905 449 Catius.

151 510 162 519 κ
709 472 805 511 Non
832 480 897 512 est
922 470 1022 512 mihi
1047 480 1213 527 tempus
1241 472 1380 518 aventi

153 526 327 570 Ponere⁸
351 527 468 580 signa
493 526 613 566 novis
642 527 902 581 praeceptis,
930 526 1068 581 qualia
1096 527 1261 567 vincant

153 579 422 634 Pythagoran
447 580 660 636 Anytique
686 595 807 629 reum
834 580 1090 636 doctumque
1117 580 1304 620 Platona.

672 649 944 694 Horatius.

147 714 378 752 Peccatum
404 712 567 764 fateor,
596 729 726 769 quum
756 723 799 754 te
828 713 887 754 sic
912 721 1107 766 tempore
1133 711 1258 754 laevo

147 767 262 805 Inter
276 766 476 806 ›ellarimz
508 767 584 806 sed
613 769 687 808 (les
713 768 873 817 veniam
900 766 1059 816 honus,
1087 779 1178 805 oro.
1439 765 1467 806 5

196 782 283 859 uml
310 821 345 859 si
372 820 633 861 interciderit
660 822 735 861 tibi
762 835 870 861 nunc
891 819 1067 874 aliquid,
1095 825 1265 872 repetes
1283 831 1406 870 mox,

186 887 254 915 1Ve
285 882 348 914 est
373 881 546 914 naturae
575 874 679 927 hoc,
706 876 795 917 sive
825 874 946 925 artis,
973 872 1102 924 mirus
1129 880 1326 929 utroque.

704 944 902 986 Catius.

146 1006 262 1059 Quin
287 1007 331 1047 id
361 1016 451 1048 erat
479 1021 632 1061 curae,
659 1022 743 1065 quo
772 1015 897 1062 pacto
927 1013 1076 1046 cuncta
1101 1012 1319 1060 tenerem,

147 1061 307 1114 Utpote
333 1075 402 1106 res
431 1069 602 1115 tenues,
630 1062 746 1103 tenui
772 1074 967 1102 sermone
994 1066 1199 1115 peractas,

664 1133 707 1170 H
717 1146 741 1171 o
753 1146 775 1170 r
786 1146 807 1171 a
816 1139 834 1170 t
845 1131 896 1169 iu
906 1144 938 1169 s.

143 1190 239 1232 Ede
264 1190 443 1235 hominis
470 1207 647 1246 nomen3
670 1194 791 1234 simul
809 1202 852 1232 et
863 1222 874 1242 ,
893 1195 1106 1248 Romanus
1129 1205 1180 1232 an
1198 1191 1367 1247 hospes,
1413 1205 1462 1236 ιο

703 1263 735 1302 C
748 1276 771 1301 a
782 1262 823 1301 ti
835 1276 863 1300 u
874 1275 904 1303 s,

145 1325 240 1378 Ipsa
266 1340 430 1366 memor
453 1335 681 1381 praecepta
709 1339 874 1376 canam,
902 1325 1106 1366 celabitur
1135 1334 1294 1373 auctor.

141 1379 290 1433 Longa
318 1380 467 1442 quibus
495 1380 626 1419 facies
656 1380 754 1420 ovis·
775 1379 875 1428 erit,
903 1378 973 1418 illa
1000 1387 1211 1419 memento

144 1431 201 1471 Ut
229 1446 343 1472 succl
373 1433 556 1473 melioris
585 1441 628 1472 et
655 1442 702 1473 ut
730 1446 795 1472 ma
827 1432 860 1471 is
890 1432 982 1471 alba
1009 1432 1202 1477 rotundis,

140 1485 310 1526 Ponere
319 1501 331 1537 3
360 1500 541 1540 namque
567 1500 724 1526 marem
754 1447 954 1526 coffiibent
981 1486 1134 1525 callosa
1162 1484 1363 1530 vitellum.

145 1539 276 1578 Caule
307 1538 570 1590 suburbano,
600 1541 671 1595 qui
699 1540 816 1579 siccis
847 1540 979 1578 crevit
1007 1540 1048 1578 in
1076 1538 1211 1593 agris,
1410 1539 1461 1580 -15

140 1592 340 1643 Dulcior3
369 1593 530 1646 irriguo
559 1593 659 1632 nihil
676 1602 753 1633 -est
782 1593 933 1632 elutius
961 1593 1100 1632 horto.

142 1645 187 1684 Si
214 1647 476 1698 vespertinus
505 1645 643 1686 subito
676 1655 719 1686 te
747 1646 1007 1700 oppresserit
1033 1645 1212 1699 hospes,

139 1700 202 1738 Ne
232 1699 382 1751 gallina
410 1700 565 1738 malum
591 1708 814 1753 responset
841 1700 945 1738 dura
970 1699 1113 1753 palato
1130 1729 1142 1750 ‚

138 1753 302 1791 Doctus
332 1752 413 1791 eris
445 1753 577 1792 vivam
605 1762 743 1793 musto
772 1767 960 1793 mersare
987 1753 1169 1792 Falerno
1179 1766 1193 1803 3

138 1807 234 1846 Hoc
261 1813 450 1845 teneram
476 1806 619 1846 faciet.
647 1806 916 1848 Pratensibus
946 1806 1102 1861 optima
1127 1804 1268 1860 fungis
1297 1842 1299 1844 .
1402 1815 1454 1845 20

200 1956 261 1998 IV,
284 1969 316 1990 v.
333 1967 365 1990 2.
393 1956 536 1990 vincant
556 1970 574 1991 e
599 1958 712 1991 Codd.
731 1958 840 1991 Bentl.
873 1957 941 1989 Alii
965 1957 1078 1990 Codd.
1105 1957 1267 1997 vincunt,
1293 1961 1352 1989 aul
1379 1956 1453 1997 vin-

137 2009 227 2033 cent.
251 2020 297 2026 —-
327 2013 356 2033 v.
378 2012 427 2036 ιο.
461 2003 511 2034 Ita
533 2003 640 2035 Bentl.
671 2016 688 2036 e
712 2003 825 2036 Codd.
849 2003 943 2034 Olim
965 2005 1054 2045 vulg.
1081 2003 1184 2041 simul
1201 2014 1248 2034 an
1271 2001 1370 2043 Rom.
1397 2002 1452 2034 Cf·

135 2046 258 2078 Heind.
283 2066 329 2072 —
351 2059 381 2079 v.
400 2049 450 2080 13.
477 2048 557 2079 alba
575 2060 696 2081 omnes
723 2048 836 2081 Codd.
861 2053 894 2081 et
913 2054 992 2080 vett.
1016 2047 1104 2079 Edd.
1130 2059 1236 2091 quam
1259 2047 1451 2079 lectionem

134 2096 275 2123 tuentur
293 2093 379 2134 Fen,
406 2093 505 2125 Both.
534 2093 627 2125 lahn.
654 2096 762 2127 Bentl.
785 2106 803 2126 e
828 2094 1031 2132 coniectura
1056 2092 1166 2131 alma,
1199 2091 1295 2135 quod
1323 2102 1449 2124 recen-

134 2136 241 2169 tiores
261 2137 350 2170 Edd.
371 2139 578 2182 plerumque
598 2144 820 2183 receperunt.
845 2159 889 2164 —-
913 2151 943 2170 v.
959 2139 1009 2171 15.
1033 2137 1104 2171 cole
1121 2148 1186 2181 pro
1212 2136 1311 2169 caule
1330 2138 1450 2181 plures

134 2181 249 2213 Codd.
269 2183 322 2214 Cs.
341 2183 464 2215 Heind.
487 2202 533 2208 —
556 2197 584 2216 v.
605 2195 655 2228 ¹9·
679 2192 794 2217 musto
822 2195 863 2219 ex
885 2183 1087 2226 coniectura
1107 2183 1218 2216 Bentl.
1243 2193 1348 2226 quem
1366 2181 1449 2214 Vid.

134 2225 250 2260 Codd.
272 2229 372 2262 misto
395 2229 450 2263 vel
471 2230 591 2266 mazzo.
