1526 2404
125 147 214 189 ’τιή
607 151 646 192 Q·
678 149 859 175 nonu-n
887 148 1045 175 uacci

135 248 395 303 Plerumque
423 257 567 304 gratae
598 246 796 287 divitibus
836 247 969 295 vices,

135 302 401 356 Mundaeque
429 315 561 366 parvo
591 300 670 341 suh
704 301 793 339 lare
832 314 1067 354 pauperum

192 356 383 405 coenae,
411 371 498 398 sme
531 355 685 394 aulaeis
715 362 758 394 et
794 362 934 403 ostro,

242 409 485 459 Sollicitam,
502 408 743 463 explicuere
775 406 975 447 frontem.

133 486 218 525 lam
253 486 389 525 clarus
419 482 633 523 occultum
660 483 957 523 Andromedae
986 492 1106 537 pater

136 539 334 579 Ostendit
362 540 524 594 ign>em3
555 535 636 574 iam
663 538 859 590 Procyon
886 537 992 577 furit

187 593 244 634 Et
274 593 394 633 stella
423 589 567 632 vesani
591 590 768 639 Leonis,

245 645 346 687 Sole
374 647 462 686 dies
491 643 710 684 referente
738 644 887 684 siccos.

133 721 219 760 Iam
245 731 391 775 pastor
417 721 587 762 umbras
619 734 714 761 cum
756 734 888 776 grege
920 717 1118 781 languido
1173 765 1179 771 ι

132 775 372 830 Rivumque
400 775 538 816 fessus
567 774 753 830 quaerit,
784 780 826 814 et
852 773 1014 813 horridi

184 830 369 869 Dumeta
397 828 575 884 Siluani,
605 836 806 883 caretque

239 883 348 936 Ripa
377 883 493 938 vagis
521 882 728 923 taciturna
756 880 901 921 ventis.

132 962 220 1009 Tu,
250 959 462 999 civitatem
492 957 583 1013 quis
613 957 762 997 deceat
788 964 943 1006 status,

133 1014 288 1061 Curas,
317 1021 360 1051 et
387 1012 491 1051 Urbi
515 1011 718 1051 sollicitus
757 1010 904 1060 times,

185 1065 301 1127 Quid
329 1066 454 1105 Seres
484 1074 526 1105 et
553 1074 726 1118 regnata
763 1065 872 1116 Cyro

233 1121 388 1157 Bactra
416 1126 565 1172 parent
599 1118 832 1172 Tanaisque
862 1115 1038 1155 discors.

128 1195 320 1235 Prudens
350 1193 484 1233 futuri
513 1192 714 1245 temporis
754 1190 910 1229 exitum

130 1249 367 1302 Caliginosa
393 1254 517 1286 nocte
545 1246 699 1298 premit
735 1244 877 1292 Deus,

182 1303 415 1356 Ridetque.,
444 1300 478 1339 si
506 1299 692 1337 mortalis
720 1298 831 1336 ultra

233 1357 314 1394 Fas
343 1354 537 1408 trepidat.
567 1351 696 1414 Quod
725 1351 864 1400 adest,
901 1358 1112 1390 memento

132 1431 401 1483 Componere
430 1441 610 1483 aequus:
641 1434 784 1465 cetera
812 1422 991 1463 fluminis

126 1484 228 1523 Ritu
255 1483 474 1531 feruntur,
504 1493 612 1520 nunc
641 1479 781 1519 medio
812 1478 934 1516 alveo

182 1538 288 1576 Cum
315 1551 421 1590 pace
460 1533 689 1574 delabentis
727 1534 953 1571 Etruscum

233 1592 278 1630 In
305 1604 445 1640 mare,
477 1601 586 1627 nunc
613 1585 773 1640 lapides
804 1585 977 1636 adesos,

126 1665 375 1719 Stirpesque
404 1671 568 1717 raptas,
600 1670 642 1701 et
668 1674 797 1714 pecus
832 1668 874 1699 et
911 1661 1059 1701 domos

125 1719 348 1762 Volventis
376 1732 478 1766 una,
507 1730 590 1755 non
619 1714 706 1754 sine
734 1713 937 1754 montium

179 1773 374 1812 Clamore
404 1771 647 1824 vicinaeque
680 1768 831 1816 silvae,

235 1825 379 1886 Quum
405 1824 501 1864 fera
529 1822 706 1868 diluvies
735 1822 898 1877 quietos

123 1899 264 1939 Irritat
292 1912 444 1938 amnes.
472 1898 547 1937 Ille
572 1907 722 1952 potens
757 1897 821 1937 sui

124 1955 366 2007 Laetusque
394 1952 545 2005 deget,
573 1952 643 1991 cui
670 1952 770 1992 licet
796 1952 838 1990 in
864 1950 975 1990 diem

1422 352 1470 392 15

1417 657 1469 685 20

1416 957 1468 997 25

1374 1244 1462 1312 *30

1382 1533 1458 1578 ζ35

120 2108 126 2111 “
170 2124 202 2143 v.
222 2122 273 2155 17.
299 2109 539 2144 Andr-omedes
565 2108 740 2155 quaedam
756 2109 848 2144 Edd.
865 2115 954 2146 vett.
979 2111 1033 2144 Cf.
1051 2111 1165 2146 Bentl.
1191 2129 1237 2136 —
1260 2123 1290 2143 v.
1310 2111 1365 2144 25.
1390 2111 1458 2156 qui

121 2158 227 2190 Fabr.
254 2155 404 2199 Cuning.
429 2175 475 2182 -
499 2169 530 2188 v.
557 2158 612 2189 28.
637 2155 763 2189 dissors
791 2158 887 2190 euni.
911 2157 1028 2191 Bentl.
1050 2175 1096 2183 --
1119 2169 1150 2190 v.
1166 2155 1221 2199 [ρ.
1247 2155 1345 2200 degit
1366 2157 1449 2201 plu·

122 2213 181 2236 res
207 2202 327 2238 Codd.
351 2201 472 2240 Vand.
498 2207 535 2236 et
552 2202 660 2235 Feae.
