1526 2404
467 562 523 626 Q.
563 570 881 617 HORATII
933 573 1191 618 F'LACCI

277 686 1380 758 EPLSTOLARUM

649 836 781 869 LIBER
814 836 996 871 PRIMUS.

666 1021 896 1065 ἘΡωῶοιΑ
933 1026 963 1065 L

453 1123 456 1124 ⁷
505 1122 597 1162 AD
645 1123 1132 1163 MAEGENATEM.

222 1219 408 1263 Horatius,
433 1231 515 1254 cum
537 1225 618 1265 post
643 1220 795 1263 Safiras,
820 1221 964 1265 Epodos
991 1228 1026 1255 et
1051 1222 1148 1255 Odas
1173 1221 1385 1266 compositas
1407 1227 1480 1254 tam

155 1263 216 1296 diu
249 1263 470 1307 cessavisset,
505 1271 543 1297 ut
570 1266 749 1298 Musarum
782 1272 895 1298 castra
917 1269 1021 1311 plane
1055 1267 1251 1300 deseruisse
1282 1267 1479 1310 videretur3

153 1314 259 1353 utque
277 1320 297 1341 a
312 1311 517 1343 Maecenate
541 1316 580 1342 ut
602 1311 720 1342 stilum
739 1317 917 1355 repeteret
938 1318 1028 1345 esset
1043 1317 1276 1356 provocatus:
1300 1312 1477 1358 rati-onem

152 1354 273 1387 reddit
307 1354 374 1388 hac
408 1356 559 1399 epistola
589 1365 652 1388 cur
679 1367 772 1389 nunc
800 1356 913 1388 minus
941 1358 1011 1389 iam
1043 1357 1087 1390 ad
1121 1367 1241 1398 versus
1268 1357 1477 1391 scribendos

151 1401 274 1432 caleat.
300 1400 449 1433 Excusat
473 1401 565 1434 enim
587 1401 741 1445 primum
760 1407 908 1433 aetatem
925 1402 1223 1445 ingravescentem
1237 1407 1271 1435 et
1286 1413 1305 1434 a
1317 1401 1477 1434 iuvenili-

150 1444 217 1477 bus
233 1444 324 1476 ludis
343 1446 514 1487 alienam,
540 1458 625 1478 vers.
649 1456 743 1488 1—9.
772 1445 911 1489 (agebat
927 1453 1043 1480 autem
1064 1447 1134 1481 hoc
1151 1452 1313 1492 tempore
1333 1459 1352 1480 e
1372 1447 1476 1480 Bent-

149 1490 210 1522 leii
243 1490 441 1522 rationibus
473 1502 603 1522 annum
631 1491 935 1534 quadragesimum
969 1498 1124 1535 sextum,
1162 1498 1222 1525 aut
1248 1491 1475 1537 septimum);

153 1534 281 1567 deinde
310 1541 481 1567 mutatum
509 1536 611 1567 animi
647 1537 890 1580 propositum,
927 1549 996 1580 quo
1027 1549 1120 1571 nunc
1149 1538 1254 1570 unice
1282 1537 1474 1581 sapientiae

150 1579 267 1612 studio
292 1580 428 1613 omissis
444 1581 590 1613 ludicris
614 1587 733 1622 vacet,
760 1593 830 1614 non
847 1582 1090 1616 scholiasticae
1109 1583 1202 1615 illius
1220 1582 1384 1626 quidem,
1409 1582 1472 1615 sed

150 1636 241 1668 quae
262 1631 438 1657 sectarum
457 1626 618 1658 formulis
639 1627 784 1670 spretis,
809 1628 901 1659 serio
928 1634 961 1659 et
983 1639 1062 1660 vere
1087 1627 1123 1659 id
1146 1633 1281 1659 tantum
1305 1633 1470 1671 quaerat,

147 1675 188 1701 ut
206 1670 311 1701 vitam
329 1671 473 1707 ratione,
482 1682 642 1713 regamus
656 1696 665 1712 7
692 1683 806 1715 neque
826 1673 924 1704 malis
942 1684 984 1705 cu
1014 1673 1168 1705 idinibus
1185 1673 1341 1716 abrepti,
1355 1683 1470 1717 neque

146 1715 316 1758 languore
335 1716 421 1747 lenti
446 1721 479 1748 et
503 1717 681 1749 incuriosi.
709 1716 822 1759 (vers.
846 1719 985 1750 10—25.
1033 1717 1139 1760 Quod
1167 1717 1229 1750 ubi
1253 1714 1356 1759 dixit,
1382 1729 1468 1750 con-

146 1760 247 1792 tinuo
275 1758 376 1792 huius
400 1772 504 1793 sanae
526 1762 672 1794 rationis
694 1768 727 1794 et
746 1773 846 1796 verae
867 1763 1059 1806 sapientiae
1082 1764 1216 1806 aliquot
1238 1763 1334 1806 quasi
1352 1763 1467 1807 speci-

146 1805 242 1837 mina
263 1805 376 1837 amico
399 1807 589 1849 proponit,
620 1807 654 1838 in
678 1808 804 1851 quibus
824 1813 863 1839 ut
886 1808 1030 1840 omnino
1056 1813 1179 1840 contra
1198 1807 1337 1840 humani
1362 1819 1468 1851 gene-

145 1850 195 1882 ris
231 1850 503 1883 inconstantiam
537 1858 570 1883 ct
603 1853 692 1884 vitae
729 1863 809 1885 vere
843 1853 968 1889 beatae
1003 1853 1266 1896 ignorationem·
1295 1853 1467 1897 disputat,

147 1893 252 1939 (Vers
264 1894 426 1939 25—93.)
458 1896 505 1928 ita
527 1898 580 1929 vel
602 1898 844 1931 Maecenatem
872 1899 1008 1941 ipsum,
1043 1898 1106 1931 etsi
1134 1898 1261 1930 leniter
1287 1902 1321 1930 et
1344 1897 1466 1939 amicis

144 1940 259 1972 verbis·
279 1939 348 1973 hoc
370 1941 514 1973 nomine
535 1947 678 1984 tangere
706 1945 778 1986 pro*
794 1954 855 1975 sua
878 1943 1040 1975 libertate
1064 1940 1204 1974 dicendi
1225 1953 1296 1974 non
1314 1947 1465 1974 veretur.

144 1983 260 2029 (Vers.
274 1984 459 2030 94—104.)
485 1987 706 2019 Postremum
730 1999 772 2020 ne
789 1988 896 2019 nimia
910 1988 1091 2020 severitate
1105 1987 1328 2031 supercilium
1343 1986 1465 2031 pbilo-

142 2029 329 2074 sophicum
349 2032 549 2064 assumsisse
566 2032 745 2076 videatur,
767 2033 966 2066 ludibunda
983 2033 1139 2067 clausula
1157 2031 1342 2077 epistolam
1358 2039 1464 2078 prae-

144 2074 241 2109 cidit.
268 2074 386 2120 (Vers.
405 2076 609 2122 105—108).
