<?xml version="1.0" encoding="UTF-8"?>
<!DOCTYPE html PUBLIC "-//W3C//DTD XHTML 1.0 Transitional//EN"
    "http://www.w3.org/TR/xhtml1/DTD/xhtml1-transitional.dtd">
<html xmlns="http://www.w3.org/1999/xhtml" xml:lang="en" lang="en">
 <head>
  <title>
</title>
<meta http-equiv="Content-Type" content="text/html;charset=utf-8" />
  <meta name='ocr-system' content='tesseract 3.04.00' />
  <meta name='ocr-capabilities' content='ocr_page ocr_carea ocr_par ocr_line ocrx_word'/>
</head>
<body>
  <div class='ocr_page' id='page_1' title='image "./operaomnia01horauoft_0022.png"; bbox 0 0 1526 2404; ppageno 0'>
   <div class='ocr_carea' id='block_1_1' title="bbox 134 119 1018 173">
    <p class='ocr_par' dir='ltr' id='par_1_1' title="bbox 134 119 1018 173">
     <span class='ocr_line' id='line_1_1' title="bbox 134 119 1018 173; baseline 0 -13"><span class='ocrx_word' id='word_1_1' title='bbox 134 119 181 161; x_wconf 75' lang='lat'>16</span> <span class='ocrx_word' id='word_1_2' title='bbox 582 133 620 173; x_wconf 75' lang='lat' dir='ltr'>Q·</span> <span class='ocrx_word' id='word_1_3' title='bbox 651 133 832 159; x_wconf 66' lang='lat' dir='ltr'>nous-ru</span> <span class='ocrx_word' id='word_1_4' title='bbox 862 133 1018 160; x_wconf 70' lang='lat' dir='ltr'>FLAccx</span> 
     </span>
    </p>
   </div>
   <div class='ocr_carea' id='block_1_2' title="bbox 540 262 1030 394">
    <p class='ocr_par' dir='ltr' id='par_1_2' title="bbox 540 262 1030 394">
     <span class='ocr_line' id='line_1_2' title="bbox 650 262 936 306; baseline 0.007 -5"><span class='ocrx_word' id='word_1_5' title='bbox 650 262 839 302; x_wconf 71' lang='lat' dir='ltr'>CARMEN</span> <span class='ocrx_word' id='word_1_6' title='bbox 867 263 936 306; x_wconf 83' lang='lat' dir='ltr'>Vl.</span> 
     </span>
     <span class='ocr_line' id='line_1_3' title="bbox 540 350 1030 394; baseline 0.012 -6"><span class='ocrx_word' id='word_1_7' title='bbox 540 351 627 389; x_wconf 89' lang='lat' dir='ltr'>AD</span> <span class='ocrx_word' id='word_1_8' title='bbox 665 350 1030 394; x_wconf 83' lang='lat' dir='ltr'>AGRIPPAM.</span> 
     </span>
    </p>
   </div>
   <div class='ocr_carea' id='block_1_3' title="bbox 120 437 1454 528">
    <p class='ocr_par' dir='ltr' id='par_1_3' title="bbox 120 437 1454 528">
     <span class='ocr_line' id='line_1_4' title="bbox 188 437 1454 483; baseline 0.008 -13"><span class='ocrx_word' id='word_1_9' title='bbox 188 437 232 471; x_wconf 91' lang='lat' dir='ltr'>Se</span> <span class='ocrx_word' id='word_1_10' title='bbox 261 438 390 471; x_wconf 83' lang='lat' dir='ltr'>iocosis</span> <span class='ocrx_word' id='word_1_11' title='bbox 415 440 573 474; x_wconf 83' lang='lat' dir='ltr'>versibus</span> <span class='ocrx_word' id='word_1_12' title='bbox 597 446 739 483; x_wconf 82' lang='lat' dir='ltr'>natum,</span> <span class='ocrx_word' id='word_1_13' title='bbox 764 442 909 475; x_wconf 77' lang='lat' dir='ltr'>bellicis</span> <span class='ocrx_word' id='word_1_14' title='bbox 931 441 1118 477; x_wconf 76' lang='lat' dir='ltr'>virtutibus</span> <span class='ocrx_word' id='word_1_15' title='bbox 1142 443 1367 480; x_wconf 80' lang='lat' dir='ltr'><strong>celebrandis</strong></span> <span class='ocrx_word' id='word_1_16' title='bbox 1389 449 1454 480; x_wconf 88' lang='lat' dir='ltr'>mi-</span> 
     </span>
     <span class='ocr_line' id='line_1_5' title="bbox 120 484 1031 528; baseline 0.009 -13"><span class='ocrx_word' id='word_1_17' title='bbox 120 484 215 516; x_wconf 88' lang='lat' dir='ltr'>nime</span> <span class='ocrx_word' id='word_1_18' title='bbox 239 494 362 528; x_wconf 82' lang='lat' dir='ltr'>parem</span> <span class='ocrx_word' id='word_1_19' title='bbox 384 496 472 518; x_wconf 84' lang='lat' dir='ltr'>esse.</span> <span class='ocrx_word' id='word_1_20' title='bbox 811 497 814 499; x_wconf 86' lang='lat'>·</span> <span class='ocrx_word' id='word_1_21' title='bbox 1028 504 1031 509; x_wconf 92' lang='lat'>·</span> 
     </span>
    </p>
   </div>
   <div class='ocr_carea' id='block_1_4' title="bbox 118 574 1451 670">
    <p class='ocr_par' dir='ltr' id='par_1_4' title="bbox 118 574 1451 670">
     <span class='ocr_line' id='line_1_6' title="bbox 118 574 1451 629; baseline 0.008 -22"><span class='ocrx_word' id='word_1_22' title='bbox 118 574 273 608; x_wconf 68' lang='grc' dir='ltr'>ΛΙεῑι-ιιιη</span> <span class='ocrx_word' id='word_1_23' title='bbox 298 575 559 623; x_wconf 79' lang='lat' dir='ltr'>Asclepiadeum</span> <span class='ocrx_word' id='word_1_24' title='bbox 586 580 744 619; x_wconf 80' lang='lat' dir='ltr'>tertium,</span> <span class='ocrx_word' id='word_1_25' title='bbox 771 587 939 612; x_wconf 78' lang='lat' dir='ltr'><em>constans</em></span> <span class='ocrx_word' id='word_1_26' title='bbox 965 581 1073 613; x_wconf 76' lang='lat' dir='ltr'>ter-nis</span> <span class='ocrx_word' id='word_1_27' title='bbox 1097 576 1250 615; x_wconf 73' lang='lat' dir='ltr'>versibus</span> <span class='ocrx_word' id='word_1_28' title='bbox 1273 581 1451 629; x_wconf 72' lang='lat' dir='ltr'>Asclepia-</span> 
     </span>
     <span class='ocr_line' id='line_1_7' title="bbox 478 622 1379 670; baseline 0.008 -15"><span class='ocrx_word' id='word_1_29' title='bbox 478 622 550 655; x_wconf 80' lang='lat' dir='ltr'>dez&#39;s</span> <span class='ocrx_word' id='word_1_30' title='bbox 572 624 865 666; x_wconf 13' lang='lat' dir='ltr'>mz&#39;noribusbcum</span> <span class='ocrx_word' id='word_1_31' title='bbox 890 625 1080 670; x_wconf 51' lang='lat' dir='ltr'>nyconeo.</span> <span class='ocrx_word' id='word_1_32' title='bbox 1378 635 1379 638; x_wconf 77' lang='grc'>’</span> 
     </span>
    </p>
   </div>
   <div class='ocr_carea' id='block_1_5' title="bbox 117 700 926 808">
    <p class='ocr_par' dir='ltr' id='par_1_5' title="bbox 117 700 926 808">
     <span class='ocr_line' id='line_1_8' title="bbox 118 700 926 745; baseline 0.007 -6"><span class='ocrx_word' id='word_1_33' title='bbox 118 700 325 742; x_wconf 86' lang='lat' dir='ltr'>Scriberis</span> <span class='ocrx_word' id='word_1_34' title='bbox 353 703 482 744; x_wconf 87' lang='lat' dir='ltr'>Vario</span> <span class='ocrx_word' id='word_1_35' title='bbox 505 701 629 744; x_wconf 79' lang='lat' dir='ltr'>fortis</span> <span class='ocrx_word' id='word_1_36' title='bbox 658 713 702 745; x_wconf 85' lang='lat' dir='ltr'>et</span> <span class='ocrx_word' id='word_1_37' title='bbox 735 703 926 745; x_wconf 83' lang='lat' dir='ltr'>hostium&#39;</span> 
     </span>
     <span class='ocr_line' id='line_1_9' title="bbox 117 755 868 808; baseline 0.004 -13"><span class='ocrx_word' id='word_1_38' title='bbox 117 755 290 805; x_wconf 83' lang='lat' dir='ltr'>Victor,</span> <span class='ocrx_word' id='word_1_39' title='bbox 320 757 501 797; x_wconf 87' lang='lat' dir='ltr'>Maeonii</span> <span class='ocrx_word' id='word_1_40' title='bbox 530 759 722 798; x_wconf 83' lang='lat' dir='ltr'>carminis</span> <span class='ocrx_word' id='word_1_41' title='bbox 758 758 868 808; x_wconf 82' lang='lat' dir='ltr'>aliti,</span> 
     </span>
    </p>
   </div>
   <div class='ocr_carea' id='block_1_6' title="bbox 119 807 1183 919">
    <p class='ocr_par' dir='ltr' id='par_1_6' title="bbox 119 807 1183 919">
     <span class='ocr_line' id='line_1_10' title="bbox 119 807 1183 870; baseline 0.008 -24"><span class='ocrx_word' id='word_1_42' title='bbox 119 807 259 870; x_wconf 76' lang='lat' dir='ltr'>Quam</span> <span class='ocrx_word' id='word_1_43' title='bbox 286 823 379 848; x_wconf 87' lang='lat' dir='ltr'>rem</span> <span class='ocrx_word' id='word_1_44' title='bbox 412 823 579 866; x_wconf 81' lang='lat' dir='ltr'>cunque</span> <span class='ocrx_word' id='word_1_45' title='bbox 607 811 734 851; x_wconf 84' lang='lat' dir='ltr'>ferox</span> <span class='ocrx_word' id='word_1_46' title='bbox 760 811 936 860; x_wconf 83' lang='lat' dir='ltr'>navibus</span> <span class='ocrx_word' id='word_1_47' title='bbox 965 819 1038 853; x_wconf 83' lang='lat' dir='ltr'>aut</span> <span class='ocrx_word' id='word_1_48' title='bbox 1064 811 1183 869; x_wconf 77' lang='lat' dir='ltr'>equis</span> 
     </span>
     <span class='ocr_line' id='line_1_11' title="bbox 169 862 721 919; baseline 0.009 -19"><span class='ocrx_word' id='word_1_49' title='bbox 169 862 290 901; x_wconf 83' lang='lat' dir='ltr'><strong>Miles</strong></span> <span class='ocrx_word' id='word_1_50' title='bbox 319 871 363 902; x_wconf 88' lang='lat' dir='ltr'>te</span> <span class='ocrx_word' id='word_1_51' title='bbox 391 863 500 904; x_wconf 87' lang='lat' dir='ltr'>duce</span> <span class='ocrx_word' id='word_1_52' title='bbox 530 865 721 919; x_wconf 83' lang='lat' dir='ltr'><strong>gesserit.</strong></span> 
     </span>
    </p>
   </div>
   <div class='ocr_carea' id='block_1_7' title="bbox 111 930 1450 1146">
    <p class='ocr_par' dir='ltr' id='par_1_7' title="bbox 111 930 1450 1092">
     <span class='ocr_line' id='line_1_12' title="bbox 120 930 1450 990; baseline 0.007 -23"><span class='ocrx_word' id='word_1_53' title='bbox 120 931 229 979; x_wconf 78' lang='lat' dir='ltr'>Nos,</span> <span class='ocrx_word' id='word_1_54' title='bbox 261 930 474 985; x_wconf 81' lang='lat' dir='ltr'><strong>Agrippa,</strong></span> <span class='ocrx_word' id='word_1_55' title='bbox 501 946 640 988; x_wconf 88' lang='lat' dir='ltr'>neque</span> <span class='ocrx_word' id='word_1_56' title='bbox 671 933 777 973; x_wconf 89' lang='lat' dir='ltr'>haec</span> <span class='ocrx_word' id='word_1_57' title='bbox 805 933 971 985; x_wconf 80' lang='lat' dir='ltr'>dicere,</span> <span class='ocrx_word' id='word_1_58' title='bbox 999 947 1079 974; x_wconf 88' lang='lat' dir='ltr'>nec</span> <span class='ocrx_word' id='word_1_59' title='bbox 1107 948 1280 990; x_wconf 80' lang='lat' dir='ltr'>gravem</span> <span class='ocrx_word' id='word_1_60' title='bbox 1376 941 1377 944; x_wconf 76' lang='grc'>’</span> <span class='ocrx_word' id='word_1_61' title='bbox 1420 942 1450 983; x_wconf 82' lang='grc'><strong><em>5</em></strong></span> 
     </span>
     <span class='ocr_line' id='line_1_13' title="bbox 115 983 942 1037; baseline 0.006 -16"><span class='ocrx_word' id='word_1_62' title='bbox 115 983 290 1023; x_wconf 81' lang='lat' dir='ltr'>Pelidae</span> <span class='ocrx_word' id='word_1_63' title='bbox 319 985 580 1025; x_wconf 85' lang='lat' dir='ltr'>stomachum</span> <span class='ocrx_word' id='word_1_64' title='bbox 608 987 763 1026; x_wconf 83' lang='lat' dir='ltr'>cedere</span> <span class='ocrx_word' id='word_1_65' title='bbox 788 987 942 1037; x_wconf 87' lang='lat' dir='ltr'>nescii,</span> 
     </span>
     <span class='ocr_line' id='line_1_14' title="bbox 111 1036 1020 1092; baseline 0.006 -18"><span class='ocrx_word' id='word_1_66' title='bbox 111 1036 201 1075; x_wconf 89' lang='lat' dir='ltr'>Nec</span> <span class='ocrx_word' id='word_1_67' title='bbox 231 1049 376 1076; x_wconf 88' lang='lat' dir='ltr'>cursus</span> <span class='ocrx_word' id='word_1_68' title='bbox 408 1038 585 1092; x_wconf 85' lang='lat' dir='ltr'>duplicis</span> <span class='ocrx_word' id='word_1_69' title='bbox 609 1053 690 1092; x_wconf 88' lang='lat' dir='ltr'>per</span> <span class='ocrx_word' id='word_1_70' title='bbox 716 1054 831 1079; x_wconf 89' lang='lat' dir='ltr'>mare</span> <span class='ocrx_word' id='word_1_71' title='bbox 861 1040 1020 1092; x_wconf 85' lang='lat' dir='ltr'>Ulixei,</span> 
     </span>
    </p>

    <p class='ocr_par' dir='ltr' id='par_1_8' title="bbox 168 1091 862 1146">
     <span class='ocr_line' id='line_1_15' title="bbox 168 1091 862 1146; baseline 0.007 -19"><span class='ocrx_word' id='word_1_72' title='bbox 168 1091 256 1128; x_wconf 91' lang='lat' dir='ltr'>Nec</span> <span class='ocrx_word' id='word_1_73' title='bbox 286 1103 453 1130; x_wconf 85' lang='lat' dir='ltr'>saevam</span> <span class='ocrx_word' id='word_1_74' title='bbox 479 1092 651 1146; x_wconf 89' lang='lat' dir='ltr'>Pelopis</span> <span class='ocrx_word' id='word_1_75' title='bbox 690 1092 862 1132; x_wconf 84' lang='lat' dir='ltr'>domum</span> 
     </span>
    </p>
   </div>
   <div class='ocr_carea' id='block_1_8' title="bbox 104 1158 1444 1831">
    <p class='ocr_par' dir='ltr' id='par_1_9' title="bbox 104 1158 1444 1831">
     <span class='ocr_line' id='line_1_16' title="bbox 112 1158 1056 1213; baseline 0.003 -17"><span class='ocrx_word' id='word_1_76' title='bbox 112 1158 344 1210; x_wconf 85' lang='lat' dir='ltr'>Conamur,</span> <span class='ocrx_word' id='word_1_77' title='bbox 382 1168 530 1199; x_wconf 88' lang='lat' dir='ltr'>tenues</span> <span class='ocrx_word' id='word_1_78' title='bbox 559 1160 752 1213; x_wconf 78' lang='lat' dir='ltr'>grandia:</span> <span class='ocrx_word' id='word_1_79' title='bbox 783 1160 883 1199; x_wconf 89' lang='lat' dir='ltr'>dum</span> <span class='ocrx_word' id='word_1_80' title='bbox 914 1159 1056 1213; x_wconf 86' lang='lat' dir='ltr'>pudor</span> 
     </span>
     <span class='ocr_line' id='line_1_17' title="bbox 112 1211 1444 1267; baseline 0.003 -17"><span class='ocrx_word' id='word_1_81' title='bbox 112 1211 381 1267; x_wconf 77' lang='lat' dir='ltr'>Imbelliscsue</span> <span class='ocrx_word' id='word_1_82' title='bbox 411 1214 524 1265; x_wconf 83' lang='lat' dir='ltr'>lyrae</span> <span class='ocrx_word' id='word_1_83' title='bbox 556 1215 676 1253; x_wconf 84' lang='lat' dir='ltr'>Musa</span> <span class='ocrx_word' id='word_1_84' title='bbox 712 1221 863 1267; x_wconf 85' lang='lat' dir='ltr'>potens</span> <span class='ocrx_word' id='word_1_85' title='bbox 901 1220 1018 1254; x_wconf 81' lang='lat' dir='ltr'>vetat</span> <span class='ocrx_word' id='word_1_86' title='bbox 1396 1234 1444 1262; x_wconf 70' lang='grc' dir='ltr'>ιο</span> 
     </span>
     <span class='ocr_line' id='line_1_18' title="bbox 111 1265 879 1320; baseline 0.004 -17"><span class='ocrx_word' id='word_1_87' title='bbox 111 1265 278 1305; x_wconf 81' lang='lat' dir='ltr'>Laudes</span> <span class='ocrx_word' id='word_1_88' title='bbox 307 1266 476 1320; x_wconf 80' lang='lat' dir='ltr'>egregii</span> <span class='ocrx_word' id='word_1_89' title='bbox 499 1267 688 1306; x_wconf 83' lang='lat' dir='ltr'>Caesaris</span> <span class='ocrx_word' id='word_1_90' title='bbox 718 1274 762 1307; x_wconf 85' lang='lat' dir='ltr'>et</span> <span class='ocrx_word' id='word_1_91' title='bbox 787 1274 879 1306; x_wconf 86' lang='lat' dir='ltr'>tuas</span> 
     </span>
     <span class='ocr_line' id='line_1_19' title="bbox 171 1319 714 1374; baseline 0.002 -16"><span class='ocrx_word' id='word_1_92' title='bbox 171 1319 306 1373; x_wconf 86' lang='lat' dir='ltr'>Culpa</span> <span class='ocrx_word' id='word_1_93' title='bbox 333 1321 532 1359; x_wconf 82' lang='lat' dir='ltr'>deterere</span> <span class='ocrx_word' id='word_1_94' title='bbox 559 1320 714 1374; x_wconf 79' lang='lat' dir='ltr'>ingeni.</span> 
     </span>
     <span class='ocr_line' id='line_1_20' title="bbox 105 1387 1071 1480; baseline 0.003 -53"><span class='ocrx_word' id='word_1_95' title='bbox 105 1387 220 1480; x_wconf 52' lang='lat' dir='ltr'>guis</span> <span class='ocrx_word' id='word_1_96' title='bbox 247 1390 426 1429; x_wconf 84' lang='lat' dir='ltr'>Martem</span> <span class='ocrx_word' id='word_1_97' title='bbox 453 1390 593 1430; x_wconf 82' lang='lat' dir='ltr'>tunica</span> <span class='ocrx_word' id='word_1_98' title='bbox 619 1398 779 1430; x_wconf 86' lang='lat' dir='ltr'>tectum</span> <span class='ocrx_word' id='word_1_99' title='bbox 815 1388 1071 1430; x_wconf 80' lang='lat' dir='ltr'>adamantina</span> 
     </span>
     <span class='ocr_line' id='line_1_21' title="bbox 154 1441 1016 1497; baseline 0.005 -17"><span class='ocrx_word' id='word_1_100' title='bbox 154 1441 251 1495; x_wconf 84' lang='lat' dir='ltr'>igne</span> <span class='ocrx_word' id='word_1_101' title='bbox 280 1443 526 1496; x_wconf 84' lang='lat' dir='ltr'>scripserit?</span> <span class='ocrx_word' id='word_1_102' title='bbox 554 1453 624 1483; x_wconf 87' lang='lat' dir='ltr'>aut</span> <span class='ocrx_word' id='word_1_103' title='bbox 651 1443 831 1497; x_wconf 86' lang='lat' dir='ltr'>pulvere</span> <span class='ocrx_word' id='word_1_104' title='bbox 861 1443 1016 1484; x_wconf 84' lang='lat' dir='ltr'>Troico</span> 
     </span>
     <span class='ocr_line' id='line_1_22' title="bbox 104 1495 1439 1550; baseline 0.002 -17"><span class='ocrx_word' id='word_1_105' title='bbox 104 1495 280 1548; x_wconf 81' lang='lat' dir='ltr'>Nigrum</span> <span class='ocrx_word' id='word_1_106' title='bbox 308 1496 557 1536; x_wconf 81' lang='lat' dir='ltr'>Merionen?</span> <span class='ocrx_word' id='word_1_107' title='bbox 580 1505 650 1536; x_wconf 85' lang='lat' dir='ltr'>aut</span> <span class='ocrx_word' id='word_1_108' title='bbox 679 1510 762 1550; x_wconf 87' lang='lat' dir='ltr'>ope</span> <span class='ocrx_word' id='word_1_109' title='bbox 780 1496 960 1535; x_wconf 83' lang='lat' dir='ltr'>Palladis</span> <span class='ocrx_word' id='word_1_110' title='bbox 1392 1502 1439 1545; x_wconf 80' lang='lat'>15</span> 
     </span>
     <span class='ocr_line' id='line_1_23' title="bbox 161 1548 757 1605; baseline 0.005 -19"><span class='ocrx_word' id='word_1_111' title='bbox 161 1548 351 1600; x_wconf 84' lang='lat' dir='ltr'>Tydiden</span> <span class='ocrx_word' id='word_1_112' title='bbox 381 1549 554 1604; x_wconf 88' lang='lat' dir='ltr'>Superis</span> <span class='ocrx_word' id='word_1_113' title='bbox 581 1549 757 1605; x_wconf 68' lang='lat' dir='ltr'>parem?</span> 
     </span>
     <span class='ocr_line' id='line_1_24' title="bbox 106 1617 965 1673; baseline 0.001 -17"><span class='ocrx_word' id='word_1_114' title='bbox 106 1618 193 1656; x_wconf 91' lang='lat' dir='ltr'>Nos</span> <span class='ocrx_word' id='word_1_115' title='bbox 222 1617 434 1668; x_wconf 81' lang='lat' dir='ltr'>convivia,</span> <span class='ocrx_word' id='word_1_116' title='bbox 463 1633 538 1658; x_wconf 90' lang='lat' dir='ltr'>nos</span> <span class='ocrx_word' id='word_1_117' title='bbox 566 1619 730 1673; x_wconf 82' lang='lat' dir='ltr'>proelia</span> <span class='ocrx_word' id='word_1_118' title='bbox 756 1619 965 1673; x_wconf 81' lang='lat' dir='ltr'>virginum</span> 
     </span>
     <span class='ocr_line' id='line_1_25' title="bbox 106 1670 935 1727; baseline 0.004 -19"><span class='ocrx_word' id='word_1_119' title='bbox 106 1670 241 1709; x_wconf 78' lang='lat' dir='ltr'>Sectis</span> <span class='ocrx_word' id='word_1_120' title='bbox 269 1670 311 1710; x_wconf 88' lang='lat' dir='ltr'>in</span> <span class='ocrx_word' id='word_1_121' title='bbox 339 1671 513 1714; x_wconf 60' lang='lat' dir='ltr'>iuvenes</span> <span class='ocrx_word' id='word_1_122' title='bbox 539 1673 748 1727; x_wconf 80' lang='lat' dir='ltr'>unguibus</span> <span class='ocrx_word' id='word_1_123' title='bbox 777 1673 935 1712; x_wconf 89' lang='lat' dir='ltr'>acrium</span> 
     </span>
     <span class='ocr_line' id='line_1_26' title="bbox 105 1724 1166 1778; baseline 0.003 -16"><span class='ocrx_word' id='word_1_124' title='bbox 105 1724 348 1774; x_wconf 82' lang='lat' dir='ltr'>cantamus,</span> <span class='ocrx_word' id='word_1_125' title='bbox 379 1725 520 1776; x_wconf 84' lang='lat' dir='ltr'>vacui,</span> <span class='ocrx_word' id='word_1_126' title='bbox 549 1726 638 1766; x_wconf 90' lang='lat' dir='ltr'>sive</span> <span class='ocrx_word' id='word_1_127' title='bbox 697 1726 769 1765; x_wconf 90' lang='lat' dir='ltr'>uid</span> <span class='ocrx_word' id='word_1_128' title='bbox 795 1726 979 1778; x_wconf 86' lang='lat' dir='ltr'>urimur,</span> <span class='ocrx_word' id='word_1_129' title='bbox 1159 1767 1166 1772; x_wconf 69' lang='grc'>,</span> 
     </span>
     <span class='ocr_line' id='line_1_27' title="bbox 154 1778 1432 1831; baseline 0.009 -16"><span class='ocrx_word' id='word_1_130' title='bbox 154 1778 249 1816; x_wconf 83' lang='grc' dir='ltr'>Νοη</span> <span class='ocrx_word' id='word_1_131' title='bbox 275 1786 449 1831; x_wconf 84' lang='lat' dir='ltr'>praeter</span> <span class='ocrx_word' id='word_1_132' title='bbox 475 1779 643 1819; x_wconf 87' lang='lat' dir='ltr'>solitum</span> <span class='ocrx_word' id='word_1_133' title='bbox 689 1793 802 1821; x_wconf 74' lang='lat' dir='ltr'>eves,</span> <span class='ocrx_word' id='word_1_134' title='bbox 1042 1785 1050 1788; x_wconf 57' lang='grc'><em>“</em></span> <span class='ocrx_word' id='word_1_135' title='bbox 1379 1797 1432 1826; x_wconf 79' lang='lat'>20</span> 
     </span>
    </p>
   </div>
   <div class='ocr_carea' id='block_1_9' title="bbox 112 1881 280 1888">
    <p class='ocr_par' dir='ltr' id='par_1_10' title="bbox 112 1881 280 1888">
     <span class='ocr_line' id='line_1_28' title="bbox 112 1881 280 1888; baseline 0 0"><span class='ocrx_word' id='word_1_136' title='bbox 112 1881 280 1888; x_wconf 95' lang='lat' dir='ltr'> </span> 
     </span>
    </p>
   </div>
   <div class='ocr_carea' id='block_1_10' title="bbox 99 1938 1430 2165">
    <p class='ocr_par' dir='ltr' id='par_1_11' title="bbox 99 1938 1430 2165">
     <span class='ocr_line' id='line_1_29' title="bbox 169 1938 1430 1983; baseline 0.005 -13"><span class='ocrx_word' id='word_1_137' title='bbox 169 1938 229 1970; x_wconf 89' lang='lat' dir='ltr'>V1.</span> <span class='ocrx_word' id='word_1_138' title='bbox 254 1950 291 1971; x_wconf 87' lang='lat' dir='ltr'>v.</span> <span class='ocrx_word' id='word_1_139' title='bbox 317 1950 348 1971; x_wconf 85' lang='lat'>2.</span> <span class='ocrx_word' id='word_1_140' title='bbox 387 1940 492 1983; x_wconf 80' lang='lat' dir='ltr'>vulgo</span> <span class='ocrx_word' id='word_1_141' title='bbox 517 1940 622 1979; x_wconf 83' lang='lat' dir='ltr'>alite,</span> <span class='ocrx_word' id='word_1_142' title='bbox 658 1940 878 1972; x_wconf 83' lang='lat' dir='ltr'>recentiores</span> <span class='ocrx_word' id='word_1_143' title='bbox 911 1946 1032 1975; x_wconf 85' lang='lat' dir='ltr'>tamen</span> <span class='ocrx_word' id='word_1_144' title='bbox 1069 1942 1159 1975; x_wconf 91' lang='lat' dir='ltr'>Edd.</span> <span class='ocrx_word' id='word_1_145' title='bbox 1193 1941 1269 1975; x_wconf 83' lang='lat' dir='ltr'>sere</span> <span class='ocrx_word' id='word_1_146' title='bbox 1306 1953 1430 1982; x_wconf 80' lang='lat' dir='ltr'>omnes</span> 
     </span>
     <span class='ocr_line' id='line_1_30' title="bbox 99 1982 1430 2023; baseline 0.003 -8"><span class='ocrx_word' id='word_1_147' title='bbox 99 1982 200 2023; x_wconf 75' lang='lat' dir='ltr'><em>alici,·</em></span> <span class='ocrx_word' id='word_1_148' title='bbox 220 1984 419 2017; x_wconf 64' lang='lat' dir='ltr'>Passer-‘itio</span> <span class='ocrx_word' id='word_1_149' title='bbox 445 1990 481 2017; x_wconf 84' lang='lat' dir='ltr'>et</span> <span class='ocrx_word' id='word_1_150' title='bbox 505 1985 678 2017; x_wconf 81' lang='lat' dir='ltr'>Lambino</span> <span class='ocrx_word' id='word_1_151' title='bbox 707 1986 926 2018; x_wconf 80' lang='lat' dir='ltr'>auctoribus.</span> <span class='ocrx_word' id='word_1_152' title='bbox 952 1988 1006 2019; x_wconf 79' lang='lat' dir='ltr'>Cf.</span> <span class='ocrx_word' id='word_1_153' title='bbox 1028 1986 1176 2022; x_wconf 80' lang='lat' dir='ltr'>Gesner.</span> <span class='ocrx_word' id='word_1_154' title='bbox 1201 1993 1239 2020; x_wconf 85' lang='lat' dir='ltr'>et</span> <span class='ocrx_word' id='word_1_155' title='bbox 1259 1987 1360 2019; x_wconf 83' lang='lat' dir='ltr'>Jahn.</span> <span class='ocrx_word' id='word_1_156' title='bbox 1382 2006 1430 2014; x_wconf 91' lang='lat'>—-</span> 
     </span>
     <span class='ocr_line' id='line_1_31' title="bbox 99 2029 1427 2075; baseline 0.005 -16"><span class='ocrx_word' id='word_1_157' title='bbox 99 2038 134 2059; x_wconf 86' lang='lat' dir='ltr'>v.</span> <span class='ocrx_word' id='word_1_158' title='bbox 163 2040 193 2072; x_wconf 68' lang='grc' dir='ltr'>ς.</span> <span class='ocrx_word' id='word_1_159' title='bbox 220 2029 370 2062; x_wconf 76' lang='lat' dir='ltr'>Veteres</span> <span class='ocrx_word' id='word_1_160' title='bbox 399 2031 530 2073; x_wconf 86' lang='lat' dir='ltr'>quique</span> <span class='ocrx_word' id='word_1_161' title='bbox 557 2031 702 2063; x_wconf 79' lang='lat' dir='ltr'>codices</span> <span class='ocrx_word' id='word_1_162' title='bbox 723 2030 871 2075; x_wconf 74' lang='lat' dir='ltr'>duplic-is</span> <span class='ocrx_word' id='word_1_163' title='bbox 896 2031 1048 2074; x_wconf 83' lang='lat' dir='ltr'>habent,</span> <span class='ocrx_word' id='word_1_164' title='bbox 1075 2033 1296 2066; x_wconf 81' lang='lat' dir='ltr'>recentiores</span> <span class='ocrx_word' id='word_1_165' title='bbox 1343 2033 1427 2065; x_wconf 84' lang='lat' dir='ltr'>leri-</span> 
     </span>
     <span class='ocr_line' id='line_1_32' title="bbox 99 2044 1427 2121; baseline 0.004 -16"><span class='ocrx_word' id='word_1_166' title='bbox 99 2084 167 2116; x_wconf 81' lang='lat' dir='ltr'>que</span> <span class='ocrx_word' id='word_1_167' title='bbox 192 2086 272 2107; x_wconf 83' lang='lat' dir='ltr'>cum</span> <span class='ocrx_word' id='word_1_168' title='bbox 288 2075 351 2106; x_wconf 85' lang='lat' dir='ltr'>Ed.</span> <span class='ocrx_word' id='word_1_169' title='bbox 376 2086 430 2119; x_wconf 78' lang='lat' dir='ltr'>pl·-</span> <span class='ocrx_word' id='word_1_170' title='bbox 455 2075 619 2120; x_wconf 72' lang='lat' dir='ltr'>duplices.</span> <span class='ocrx_word' id='word_1_171' title='bbox 647 2075 699 2107; x_wconf 60' lang='lat' dir='ltr'>Cf»</span> <span class='ocrx_word' id='word_1_172' title='bbox 725 2077 837 2108; x_wconf 73' lang='lat' dir='ltr'>Bentl.</span> <span class='ocrx_word' id='word_1_173' title='bbox 863 2095 908 2101; x_wconf 87' lang='lat'>—</span> <span class='ocrx_word' id='word_1_174' title='bbox 931 2090 967 2110; x_wconf 81' lang='lat' dir='ltr'>v.</span> <span class='ocrx_word' id='word_1_175' title='bbox 993 2078 1044 2121; x_wconf 68' lang='lat'>14.</span> <span class='ocrx_word' id='word_1_176' title='bbox 1071 2077 1177 2110; x_wconf 79' lang='grc' dir='ltr'><em>Τνοϊο</em></span> <span class='ocrx_word' id='word_1_177' title='bbox 1202 2078 1296 2110; x_wconf 81' lang='lat' dir='ltr'>coni.</span> <span class='ocrx_word' id='word_1_178' title='bbox 1315 2044 1427 2110; x_wconf 50' lang='lat' dir='ltr'>{lein-</span> 
     </span>
     <span class='ocr_line' id='line_1_33' title="bbox 99 2119 1427 2165; baseline 0.004 -15"><span class='ocrx_word' id='word_1_179' title='bbox 99 2120 170 2151; x_wconf 83' lang='lat' dir='ltr'>sius</span> <span class='ocrx_word' id='word_1_180' title='bbox 194 2119 239 2151; x_wconf 84' lang='lat' dir='ltr'>ad</span> <span class='ocrx_word' id='word_1_181' title='bbox 265 2119 369 2152; x_wconf 85' lang='lat' dir='ltr'>Ovid.</span> <span class='ocrx_word' id='word_1_182' title='bbox 394 2121 474 2153; x_wconf 81' lang='lat' dir='ltr'>Her.</span> <span class='ocrx_word' id='word_1_183' title='bbox 506 2121 533 2162; x_wconf 81' lang='grc' dir='ltr'>ι’,</span> <span class='ocrx_word' id='word_1_184' title='bbox 558 2122 611 2154; x_wconf 84' lang='lat'>28.</span> <span class='ocrx_word' id='word_1_185' title='bbox 639 2121 745 2165; x_wconf 85' lang='lat' dir='ltr'>idque</span> <span class='ocrx_word' id='word_1_186' title='bbox 773 2122 997 2155; x_wconf 77' lang='lat' dir='ltr'>adsciverunt</span> <span class='ocrx_word' id='word_1_187' title='bbox 1019 2123 1117 2164; x_wconf 75' lang='lat' dir='ltr'>Jani,</span> <span class='ocrx_word' id='word_1_188' title='bbox 1144 2122 1427 2155; x_wconf 83' lang='lat' dir='ltr'>Mitscherl.Fea</span> 
     </span>
    </p>
   </div>
   <div class='ocr_carea' id='block_1_11' title="bbox 97 2165 1425 2243">
    <p class='ocr_par' dir='ltr' id='par_1_12' title="bbox 97 2165 1425 2243">
     <span class='ocr_line' id='line_1_34' title="bbox 100 2165 1425 2242; baseline 0.003 -46"><span class='ocrx_word' id='word_1_189' title='bbox 100 2165 169 2196; x_wconf 77' lang='lat' dir='ltr'>alii.</span> <span class='ocrx_word' id='word_1_190' title='bbox 203 2183 249 2242; x_wconf 65' lang='grc' dir='ltr'>-ῐ-</span> <span class='ocrx_word' id='word_1_191' title='bbox 288 2178 324 2198; x_wconf 82' lang='grc' dir='ltr'>υ.</span> <span class='ocrx_word' id='word_1_192' title='bbox 354 2167 405 2199; x_wconf 88' lang='lat'>18.</span> <span class='ocrx_word' id='word_1_193' title='bbox 433 2166 572 2199; x_wconf 64' lang='lat' dir='ltr'>Str-iem</span> <span class='ocrx_word' id='word_1_194' title='bbox 595 2177 664 2212; x_wconf 89' lang='lat' dir='ltr'>pro</span> <span class='ocrx_word' id='word_1_195' title='bbox 690 2168 790 2199; x_wconf 76' lang='lat' dir='ltr'>sectis</span> <span class='ocrx_word' id='word_1_196' title='bbox 813 2168 906 2200; x_wconf 88' lang='lat' dir='ltr'>coni.</span> <span class='ocrx_word' id='word_1_197' title='bbox 931 2168 1046 2201; x_wconf 78' lang='lat' dir='ltr'>Bentl.</span> <span class='ocrx_word' id='word_1_198' title='bbox 1077 2169 1239 2208; x_wconf 81' lang='lat' dir='ltr'>assumsit</span> <span class='ocrx_word' id='word_1_199' title='bbox 1257 2167 1425 2212; x_wconf 83' lang='lat' dir='ltr'>Doering.</span> 
     </span>
     <span class='ocr_line' id='line_1_35' title="bbox 97 2210 273 2243; baseline 0.011 -2"><span class='ocrx_word' id='word_1_200' title='bbox 97 2210 150 2242; x_wconf 84' lang='lat' dir='ltr'>Cf.</span> <span class='ocrx_word' id='word_1_201' title='bbox 176 2210 273 2243; x_wconf 76' lang='lat' dir='ltr'>Iam.</span> 
     </span>
    </p>
   </div>
  </div>
 </body>
</html>
