1526 2404
517 185 755 214 smomm
781 186 869 212 Lm.
897 172 945 211 11·
970 172 1011 214 3.
1380 174 1427 215 61

111 279 178 318 Ac
204 278 587 332 venerata-Ceres,
617 279 674 318 ita
702 277 841 318 culmo
869 284 1066 331 surgeret
1092 278 1202 331 alto,

110 331 329 386 Explicuit
351 333 449 373 vino
477 340 718 372 contractae
735 331 853 371 seria
880 330 1047 378 frontis.
1357 334 1432 376 125

114 385 287 426 Saeviat
313 394 441 440 atque
466 399 601 425 novos
627 392 799 424 moveat
822 383 995 423 fortuna
1020 385 1247 437 tumultus3

111 437 327 500 Quantum
351 437 450 479 hinc
476 436 722 479 imminuet?
749 445 905 493 quanto
934 445 1006 476 aut
1034 450 1115 491 ego
1138 439 1331 492 parcius,
1359 448 1432 482 aut

900 502 1004 540 vos,

113 542 155 584 Ο
183 543 333 598 pueri,
359 545 559 595 nituistis‚
582 553 631 584 ut
656 542 741 582 huc
766 556 901 582 novus
928 544 1066 583 incola
1092 543 1238 584 venit?

110 598 217 636 Nam
242 598 419 650 proprie
446 598 611 638 telluris
643 597 793 636 herum
825 604 971 635 natura
995 611 1134 652 neque
1161 598 1301 649 illum,

109 651 201 690 Nec
226 663 319 699 me,
346 663 426 690 nec
449 664 701 714 quemquam
728 650 891 689 statuit:
917 663 996 689 nos
1021 652 1181 704 expulit
1199 651 1297 704 ille3
1357 653 1432 695 130

109 702 234 742 Illum
260 710 333 742 aut
358 705 566 759 nequities
597 712 670 744 aut
696 702 807 743 vafri
834 703 995 742 inscitia
1021 704 1147 755 iuris,

110 756 382 796 Postremum
407 771 458 797 ex
491 758 592 798 ellet
618 764 736 797 certe
761 756 948 795 vivacior
972 756 1111 796 heres.

110 810 234 848 Nunc
258 822 362 862 ager
387 772 596 852 Uniinreni-
613 809 692 850 sub
721 810 910 859 nomine,
937 823 1075 862 nuper
1104 809 1241 850 Ofelli

110 862 263 901 Dictus
289 870 403 914 erat,
431 864 537 903 nulli
561 862 783 917 proprius,
811 862 888 901 sed
914 862 1040 901 cedet
1065 862 1107 901 in
1133 877 1257 903 usum

111 915 233 954 Nunc
258 914 382 967 mihi,
409 931 520 956 nunc
547 917 628 956 alii.
661 915 875 975 Quocirca
901 915 1031 954 vivite
1058 914 1219 969 fortes,
1355 918 1431 960 135

112 966 344 1024 Fortiaque
370 969 557 1025 adversis
586 968 788 1023 opponite
815 976 992 1022 pectora
1017 967 1158 1008 rebus.

641 1142 810 1182 Sunia
836 1144 903 1183 111.

180 1246 378 1282 Aedilitais
401 1248 579 1293 Agrippae
612 1260 694 1282 cum
720 1251 854 1283 mentio
879 1251 916 1282 in
946 1249 1013 1283 hac
1038 1250 1150 1283 Satira
1176 1250 1222 1295 (v.
1239 1251 1330 1297 185.)
1353 1252 1434 1295 fiat,

113 1292 197 1326 inde
226 1296 384 1338 sequitur
408 1305 484 1326 eam
513 1306 584 1326 non
611 1301 691 1328 ante
715 1306 845 1327 annum
866 1306 925 1338 72¹
955 1296 998 1327 15.
1020 1296 1060 1327 C.
1086 1308 1157 1339 quo
1179 1297 1336 1341 Agrippa
1365 1298 1435 1331 hoc

111 1349 237 1371 munus
257 1340 382 1382 gaesit,
408 1338 446 1371 id
467 1345 540 1380 est,
575 1345 655 1372 ante
684 1351 812 1374 anuum
843 1342 964 1372 aetatis
985 1342 1040 1373 33.
1066 1347 1192 1384 poetae
1220 1344 1329 1374 nostri
1361 1354 1435 1376 esee

114 1384 363 1428 conscriptam.
386 1384 522 1426 Quodsi
543 1385 649 1427 igitur
669 1386 798 1428 prioris
824 1385 1016 1417 Satirarum
1035 1386 1116 1417 libri
1139 1387 1316 1420 confectio
1337 1389 1436 1420 annis

116 1429 293 1471 715—717
318 1429 361 1460 U.
382 1429 422 1460 C.
448 1429 654 1472 assignanda
678 1436 751 1471 est,
785 1430 947 1462 Horatius
968 1436 1050 1475 post
1080 1431 1148 1463 hoc
1169 1437 1329 1476 tempus,
1364 1444 1435 1476 quo

114 1472 214 1504 illum
233 1473 362 1505 librum
381 1470 512 1515 edidit,
539 1485 602 1517 per
620 1480 712 1516 tres,
737 1481 888 1519 quatuor
909 1487 1018 1507 annos
1038 1486 1168 1519 paucas
1188 1478 1434 1510 tantummodo

115 1516 266 1558 Satiras,
290 1518 436 1551 fortasse
457 1520 587 1551 nullam
612 1520 676 1551 nisi
697 1520 847 1564 primam
872 1526 905 1552 et
927 1521 1116 1553 secundam
1141 1521 1241 1553 huius
1266 1523 1346 1554 libri
1369 1535 1435 1566 pu-

114 1561 201 1594 blici
220 1562 305 1594 iuris
331 1562 426 1594 fecit.
457 1564 508 1595 Eo
529 1565 703 1607 pertinet.
730 1565 828 1608 quod
852 1565 918 1596 sibi
942 1566 1084 1598 ineunte
1114 1565 1183 1598 hoc
1205 1567 1317 1599 Satira
1343 1567 1435 1600 desi-

116 1605 212 1637 diam
234 1606 309 1650 ipse
331 1606 476 1648 obiicit,
502 1619 591 1651 quae
617 1609 761 1651 quidem
784 1609 917 1641 desidia
939 1611 1116 1652 ingenium
1137 1617 1171 1643 et
1194 1612 1436 1645 conditionem

115 1656 242 1695 poetae
264 1651 585 1694 introspicientibus
610 1664 682 1684 non
703 1660 775 1685 tam
800 1655 888 1685 mira
912 1654 1097 1687 videbitur.
1134 1656 1224 1688 Cum
1249 1658 1341 1689 enim
1367 1659 1436 1689 iam

116 1705 138 1727 a
160 1696 290 1727 teneris
315 1696 412 1727 annis
438 1695 507 1729 hoc
529 1698 565 1729 in
587 1698 675 1729 votis
700 1698 864 1737 haberet,
902 1704 939 1730 ut
973 1699 1038 1731 sibi
1065 1701 1177 1733 vivere
1203 1708 1339 1745 posset,
1370 1714 1437 1735 nec

115 1751 272 1783 unquam
297 1739 389 1771 inani
413 1741 606 1773 carminum
639 1743 907 1786 pangendorum
934 1745 1070 1787 pruritu
1103 1746 1303 1787 laboraret,
1343 1758 1437 1780 nunc

116 1784 259 1817 tandem
275 1796 361 1829 opes
385 1791 419 1818 et
442 1786 616 1830 praesidia
639 1787 728 1819 vitae
752 1788 799 1819 ita
821 1788 1054 1821 instituendae
1072 1791 1283 1824 Maecenatis
1307 1792 1435 1824 libera-

115 1830 213 1862 litate
246 1836 367 1862 nactus
403 1837 498 1863 erat:
535 1842 614 1862 nam
644 1832 681 1863 in
719 1831 783 1864 hac
809 1833 959 1876 primum
984 1834 1094 1866 Satira
1118 1836 1219 1868 villae
1244 1837 1393 1869 Sabinae
1416 1848 1437 1869 a

116 1874 320 1908 Maecenate
346 1875 413 1907 sibi
447 1875 598 1908 donatae
623 1877 839 1908 mentionem
864 1877 958 1909 facit.
982 1879 1036 1910 Cf.
1056 1881 1125 1911 Sat.
1146 1881 1196 1920 Π,
1220 1882 1254 1913 6.
1281 1887 1315 1913 et
1340 1882 1436 1924 quod

117 1919 183 1950 etsi
209 1930 274 1963 per
298 1921 416 1952 iocum
439 1921 484 1953 de
508 1933 546 1953 se
573 1926 689 1952 narrat
710 1921 818 1964 Epist.
838 1921 888 1962 II,
902 1933 943 1963 2,
959 1924 1105 1966 49-54.
1128 1925 1253 1957 Utrum
1278 1925 1314 1957 id
1337 1926 1437 1969 quod

121 1974 207 1995 vers.
226 1972 268 2002 14
294 1964 394 1997 huius
419 1966 552 1998 Satirae
577 1966 705 1997 dicitur
727 1967 819 1998 serio
846 1967 1089 2010 accipiendum
1107 1971 1172 2010 sit,
1198 1976 1231 2002 et
1251 1970 1435 2003 adversarii

119 2005 210 2040 hanc
235 2009 406 2042 desidiam
428 2017 556 2055 poetae
578 2012 611 2042 in
634 2008 751 2042 medio
773 2011 868 2053 quasi
887 2013 1075 2046 ·curriculo
1097 2016 1243 2047 cessanti
1267 2026 1347 2048 vere
1367 2017 1435 2048 cri·

118 2053 205 2084 mini
219 2053 402 2098 dederint,
421 2067 466 2088 an
486 2057 598 2089 amice
614 2055 760 2088 sortasse
781 2066 861 2088 eum
878 2055 947 2090 hoc
965 2059 1107 2092 nomine
1125 2059 1312 2093 familiares
1333 2071 1435 2105 carp-

121 2179 246 2212 Heind.
268 2199 315 2207 —
346 2193 377 2214 v.
397 2179 471 2223 124.
495 2189 537 2214 ut
557 2180 670 2215 culmo
692 2191 855 2226 surgeret
875 2185 1007 2218 multae
1030 2185 1122 2219 Edd.
1148 2186 1219 2219 Sed
1242 2188 1296 2219 Cf.
1323 2188 1434 2219 Bentl-

123 2229 159 2256 et
180 2223 304 2258 Heind.
328 2244 373 2252 —
393 2236 423 2258 v.
443 2236 517 2269 ¹²9·
538 2228 678 2272 proprie
698 2240 718 2261 e
742 2229 858 2261 Codd.
880 2230 962 2267 Fea.
976 2230 1079 2275 Vulg.
1091 2233 1255 2276 propriae
1270 2232 1324 2264 Cf.
1338 2231 1433 2264 laha.
