1526 2404
530 176 768 206 suumomni
786 177 873 204 Lm.
898 165 946 205 Π.
968 165 1008 208 3.
1381 169 1433 211 63

110 270 320 332 Eupofin,
345 268 668 321 Archilochum,
697 272 871 312 comites
901 271 1087 312 educere
1114 272 1281 315 tantos?

110 323 313 364 Invidiam
336 323 507 377 placare
533 338 656 378 paras
674 355 686 374 ‚
714 325 870 366 virtute
895 325 1072 365 relicta?

110 376 394 416 Contemnere
423 377 565 417 miser.
592 378 771 418 Vitanda
797 387 863 418 est
888 378 1081 432 improba
1109 379 1232 421 Siren

108 428 283 474 Desidia
297 443 311 480 3
339 437 411 469 aut
437 430 642 485 quidquid
669 432 756 471 vita
780 431 959 472 meliore
985 433 1165 486 parasti,
1385 437 1433 478 15

106 481 358 537 Ponendum*
383 495 519 538 aequo
553 484 702 524 animo.

626 552 902 593 Horatius.

704 604 764 644 Di
789 613 860 656 te,
889 608 1060 647 Damasi
1091 623 1171 662 pe,
1200 608 1406 665 Deaeque

87 657 271 706 ,Verum
299 656 355 697 ob
386 657 606 698 consilium
633 657 791 698 donent
818 667 1004 701 tonsore.
1076 662 1131 701 ed
1158 661 1272 702 unde

106 711 212 751 Tam
238 710 349 750 bene
374 719 444 751 me
469 710 610 752 nosti?
887 759 890 762 Ι

576 780 953 840 Damasippus.

643 843 875 897 Postquam
905 845 1038 885 omnis
1065 859 1136 888 res
1164 859 1260 890 mea
1286 846 1431 887 Ianum

106 893 390 936 Ad‘medium
415 893 552 935 fracta
575 895 664 946 est,
689 895 823 935 aliena
846 899 1016 952 negotia
1035 912 1138 939 curo
1153 928 1165 949 ‚

106 947 319 988 Excussus
348 948 545 1002 propriis.
576 947 692 988 Olim
719 963 815 988 nam
843 965 1051 1003 quaerere
1082 952 1297 1005 amabam,
1376 967 1432 999 20

153 1015 209 1041 uo
237 1001 360 1043 vafer
386 1001 458 1040 ille
486 1001 619 1054 pedes
646 1002 816 1042 lavisset
840 1004 1041 1057 Sisyphus
1070 1020 1192 1056 aere,

34 1065 38 1069 ·
151 1055 224 1094 uid
251 1055 460 1108 sculptum
486 1054 674 1105 infabre,
704 1056 805 1110 quid
832 1056 976 1096 fusum
1004 1058 1149 1098 durius
1179 1069 1312 1101 essetz

144 1108 292 1151 auidus
318 1108 417 1147 huic
444 1107 563 1160 signo
592 1108 803 1161 ponebam
833 1111 962 1150 millia
990 1120 1181 1153 centum:

105 1165 267 1203 Hortos
295 1160 574 1215 egregiasque
602 1161 751 1201 domos
781 1164 1012 1203 mercarier
1039 1179 1145 1204 unus

107 1217 214 1255 Cum
240 1214 360 1254 lucro
390 1227 557 1264 neram3
586 1213 698 1254 unde
727 1215 970 1271 frequentia
997 1219 1250 1261 Mercuriale
1374 1221 1427 1262 25

105 1270 351 1323 Imposuere
377 1266 480 1306 mihi
505 1280 742 1322 cognomen
772 1270 970 1323 compita.

625 1333 902 1373 Horatius.

999 1388 1131 1441 Novi,

104 1437 163 1477 Et
190 1437 323 1478 miror
348 1439 487 1480 morbi
512 1447 742 1494 purgatum
768 1449 813 1480 te
839 1441 963 1480 illius.

577 1504 945 1560 Damasippus.

998 1558 1055 1598 At
1116 1559 1126 1568 ·

104 1608 278 1648 Emovit
303 1616 494 1648 veterem
519 1609 626 1648 mire
653 1623 812 1660 novus,
840 1620 888 1649 ut
917 1574 1129 1662 SOlet'fflqux
1146 1626 1223 1653 cor

106 1662 300 1700 Traiecto
328 1661 471 1700 lateris
497 1660 638 1700 miseri
664 1664 863 1715 capitisve
894 1664 1065 1715 dolore,

105 1715 163 1754 Ut
179 1714 435 1773 lethargicus
454 1714 523 1753 hic
534 1743 545 1764 ‚
566 1730 693 1806 quplm
708 1716 755 1754 fit
773 1717 914 1776 pugil,
935 1725 976 1756 et
994 1718 1204 1758 medicum
1221 1726 1360 1772 urget.
1373 1719 1426 1760 30

676 1782 700 1807 ο
712 1783 734 1806 ι·
745 1782 767 1806 a
778 1777 793 1807 t
802 1784 815 1806 1
824 1783 853 1806 u
866 1782 895 1807 s.

103 1820 218 1859 Dum
245 1833 299 1860 ne
327 1819 428 1875 quid
456 1819 589 1859 simile
616 1820 734 1870 huic,
765 1830 853 1860 esto
891 1828 939 1860 ut
964 1820 1079 1861 libet.

579 1874 619 1912 D
632 1887 654 1912 a
663 1888 705 1912 m
717 1888 739 1912 a
749 1875 827 1927 sip
839 1885 868 1928 p
877 1889 907 1913 u
916 1889 949 1914 s.

542 1965 545 1967 .
999 1927 1039 1968 Ο
1069 1927 1201 1978 bone,
1222 1943 1275 1968 ne
1303 1938 1348 1969 te

104 1976 351 2031 Frustrere3
379 1972 529 2019 insanis
561 1986 604 2018 et
630 1988 678 2019 tu
707 1980 908 2036 stultique
935 1994 1071 2034 prope
1102 1995 1270 2033 omnes,
1310 2012 1318 2015 -

105 2138 152 2151 ⁶—-
172 2138 204 2159 v.
226 2137 280 2159 αα.
313 2128 487 2174 scalptum
509 2131 629 2174 plures
655 2129 770 2162 Codd.
796 2137 830 2164 et
853 2131 943 2164 Edd.
964 2132 1045 2165 vid.
1070 2131 1196 2166 Heind.
1228 2150 1275 2158 —
1309 2143 1340 2164 v.
1366 2133 1420 2166 25.

106 2170 313 2204 Mercuriali
334 2175 425 2206 coni.
452 2175 599 2217 Cuning.
622 2174 692 2207 Sed
717 2175 770 2207 Cf.
795 2176 919 2208 Heind.
944 2183 978 2210 et
997 2177 1094 2210 Iahn.
1119 2198 1164 2204 -—
1195 2189 1226 2209 v.
1242 2187 1297 2219 29.
1325 2179 1420 2221 capi-

107 2215 190 2248 tisve
212 2216 320 2251 Bentl.
337 2229 356 2251 e
373 2218 487 2252 Codd.
508 2225 639 2253 et-vett.
658 2219 746 2252 Edd.
771 2231 876 2264 quem
902 2222 956 2256 Cr.
975 2223 1080 2256 oum
1101 2225 1192 2267 vulg.
1217 2222 1422 2267 capitisque.
