1526 2404
507 195 744 227 samonum
770 193 858 222 mn.
884 181 933 222 Π.
962 187 1000 230 4.
1356 193 1410 238 77

94 293 252 332 Natura
276 297 363 343 est3
392 289 482 335 aliis
508 288 617 329 male
642 287 841 329 creditur.
868 288 944 328 Ille
971 285 1159 328 salubres

94 347 288 386 Aestates
317 351 517 398 peraget,
546 343 619 397 qui
646 342 772 396 nigris
802 341 975 395 prandia
1003 341 1131 380 moris

95 398 253 447 Finiat,
284 406 378 437 ante
407 410 580 451 gravem
608 409 715 450 quae
742 395 895 450 legerit
923 394 1074 433 arbore
1102 393 1247 435 soleam

94 450 282 490 Aufidius
309 450 414 490 forti
438 448 638 489 miscebat
663 448 788 488 mella
814 448 1019 498 Falerno,

92 503 316 553 Mendose‚
344 503 540 558 quoniam
570 502 707 541 vacuis
734 503 995 541 committere
1028 499 1140 540 venis
1353 503 1407 543 25

93 557 161 604 Nil
187 557 265 598 nisi
291 556 386 596 lene
416 556 562 604 ‹lecet3
594 555 677 594 leni
702 555 949 608 praecordia
975 554 1111 592 mulso

91 610 308 650 Prolueris
336 609 496 651 melius.
535 607 580 648 Si
613 607 718 647 dura
744 607 975 647 morabitur
1003 606 1143 660 alvus,

92 663 262 703 Mitulus
291 670 334 701 et
363 662 466 701 viles
493 662 652 715 pellent
679 660 882 707 obstantia
911 659 1119 710 conchae,

92 716 149 755 Et
175 714 335 768 lapathi
361 713 502 754 brevis
529 715 683 764 herba,
710 713 786 753 sed
814 714 909 753 albo
938 727 1022 752 non
1049 713 1138 752 sine
1165 711 1270 752 Coo.

91 768 272 807 Lubrica
298 775 512 808 nascentes
538 768 712 821 implent
738 767 952 819 conchylia
979 766 1125 817 lunae3
1350 767 1405 810 30

92 820 179 860 Sed
205 833 289 859 non
310 834 439 863 *omne
467 829 674 860 mare-est
701 833 933 874 generosae
960 819 1104 859 fertile
1131 826 1276 860 testae.

91 874 251 913 Murice
276 873 432 912 Baiano
460 874 611 913 melior
637 874 816 912 Lucrina
842 873 1023 926 peloris3

94 926 250 966 Ostrea
274 926 469 975 Circeiis,
495 927 654 966 Miseno
684 927 876 966 oriuntur
903 924 1037 965 echini
1046 938 1059 976 3

92 979 334 1025 Pectinibus
352 979 503 1032 patulis
534 980 658 1019 iactat
685 993 731 1019 se
759 979 887 1018 molle
915 981 1157 1018 Tarentum.

90 1035 180 1072 Nec
205 1031 283 1071 sibi
311 1045 535 1072 coenarum
559 1033 694 1087 quivis
714 1041 876 1071 temere
899 1039 1071 1085 arroget
1089 1040 1246 1085 artem5
1350 1033 1406 1076 35

90 1087 185 1125 Non
210 1085 327 1138 prius
356 1094 500 1124 exacta
527 1086 642 1126 tenui
667 1085 828 1124 ratione
856 1098 1065 1138 saporum.

90 1139 179 1178 Nec
206 1138 303 1178 satis
338 1146 403 1177 est
429 1147 526 1178 car'a
550 1139 686 1192 pisces
715 1146 909 1178 avertere
937 1151 1100 1187 mensa,

90 1192 283 1246 Ignarum
309 1190 458 1246 quihus
488 1200 552 1231 est
576 1192 639 1231 ius
668 1191 826 1245 aptius,
855 1199 899 1230 et
925 1190 1074 1244 quibus
1105 1191 1205 1231 assis

89 1244 329 1298 Languidus
355 1245 398 1284 in
425 1243 611 1285 cubitum
638 1244 719 1284 iam
746 1259 792 1284 se
821 1245 997 1284 conviva
1020 1253 1212 1297 reponet.

91 1297 250 1337 Umber
280 1305 324 1336 et
350 1297 393 1336 ili
452 1311 475 1336 a
501 1298 681 1338 nutritus
710 1298 860 1351 glande
886 1297 1088 1336 rotundas
1349 1305 1404 1350 40

91 1350 252 1390 Curvet
279 1363 380 1404 aper
424 1364 544 1390 ances
573 1364 740 1390 carnem
768 1350 1160 1390 vitantis-inertem:
1356 1372 1359 1375 v

88 1404 193 1442 Nam
219 1405 405 1442 Laurens
432 1405 564 1443 malus
593 1412 679 1454 est,
715 1404 822 1444 ulvis
852 1412 895 1443 et
922 1404 1122 1442 arundine
1146 1404 1328 1460 pinguis.

90 1456 224 1496 Vinea
250 1457 466 1496 summittit
493 1470 663 1510 capreas
690 1471 775 1496 non
802 1471 972 1510 semper
1000 1457 1158 1496 edules.

90 1508 314 1548 Fecundae
340 1509 497 1562 leporis
526 1510 687 1563 sapiens
716 1509 945 1549 sectabitur
973 1524 1122 1549 armos.

90 1560 278 1600 Piscibus
301 1569 425 1615 atque
449 1563 591 1602 avibus
613 1576 719 1616 quae
742 1571 889 1602 natura
911 1571 953 1602 et
971 1563 1087 1602 foret
1109 1572 1244 1616 aetas,
1348 1566 1402 1614 45

89 1614 200 1653 Ante
226 1627 365 1652 meum
394 1615 495 1654 nulli
522 1617 655 1668 patuit
682 1616 867 1669 quaesita
894 1616 1089 1667 palatum.

10 1654 15 1658 ἱ
54 1683 61 1687 ·
91 1666 198 1706 Sunt
218 1680 396 1721 quorum
416 1667 625 1729 ingenium
641 1682 750 1707 nova
768 1677 926 1707 tantum
949 1669 1132 1707 crustula
1152 1667 1319 1722 promit.-

89 1721 363 1774 Nequaquam
390 1721 486 1759 satis
514 1735 555 1759 111
582 1734 630 1760 re
659 1734 740 1759 una
769 1733 1017 1760 consumere
1045 1733 1208 1774 curam3

90 1773 147 1812 Ut
174 1773 208 1812 si
230 1773 320 1828 quis
349 1773 484 1812 solum
510 1773 592 1812 hoc
609 1803 620 1823 ‚
647 1774 754 1812 mala
781 1787 833 1812 ne
861 1775 941 1812 sint
968 1773 1084 1825 vina,
1110 1774 1297 1830 laboret,

89 1825 218 1918 guali
242 1825 471 1878 perfundat
497 1827 632 1879 pisces
662 1840 832 1866 securus
860 1827 986 1866 olivo.
1346 1830 1399 1873 50

135 1879 264 1918 assica
292 1879 326 1918 si
355 1880 476 1918 coelo
506 1894 715 1932 suppones
745 1880 838 1919 vina
865 1893 1015 1919 sereno
1032 1908 1044 1931 ‚

89 1933 324 1981 Nocturna,
353 1932 404 1971 si*
447 1932 519 1971 uid
547 1933 673 1972 crassi
702 1941 788 1982 est,
816 1933 1054 1973 tenuabitur
1081 1948 1201 1989 aura,

91 1984 149 2023 Et
176 1985 355 2024 decedet
383 1999 407 2024 o
442 2000 490 2024 or
515 1987 653 2026 nervis
680 1986 892 2037 inimicus3
922 1994 962 2025 at
989 1987 1060 2028 illa

91 2037 304 2092 Integrum
329 2039 514 2092 perdunt
539 2039 623 2078 lino
651 2039 794 2080 vitiata
826 2053 1030 2094 saporem„

92 2201 139 2214 -ὴ
169 2196 201 2222 v.
222 2190 278 2232 37.
316 2188 431 2223 Codd.
458 2198 611 2224 aver-tere
642 2195 677 2225 et
702 2201 862 2225 averrere
891 2188 968 2237 pari
999 2191 1074 2226 fere
1104 2192 1311 2227 auctoritate
1341 2189 1397 2229 Cf.

58 2268 60 2274 ¹
94 2233 203 2267 Bentl.
222 2233 346 2268 Heind.
366 2235 455 2280 Fea,
478 2237 643 2280 Doering.
