1526 2404
138 162 210 190 120
527 191 529 194 ¹
575 162 614 200 Q·
646 158 828 185 noum-11
859 159 1011 188 FLAccl

133 256 285 296 Flebili
316 268 494 309 sponsae
522 255 772 295 iuvenemve
800 256 975 308 raptum

132 311 305 360 Plorat,
334 317 376 348 et
406 309 514 348 vires
544 309 810 363 animumque
838 321 1065 365 moresque

136 364 302 403 Aureos
332 362 473 402 educit
500 361 542 400 in
571 370 703 412 astra,
732 361 941 417 nigroque

399 415 563 455 Invidet
592 415 721 455 Orco.

133 486 265 526 Multa
291 485 520 524 Dircaeum
547 484 660 524 levat
689 497 788 524 aura
816 496 990 535 cycnum
999 484 1023 538 ‚‘

135 540 308 589 Tendit,
337 538 514 587 Antoni,
545 537 710 592 quoties
739 539 780 577 in
807 537 912 576 altos

132 593 315 633 Nubium
342 600 520 642 tractus3
551 605 653 645 ego,
683 592 769 644 apis
794 591 973 633 Matinae

364 679 366 685 ,
399 646 520 685 More
550 645 785 700 modoque,

1459 549 1463 553 ,
1404 491 1458 531 ὲῗη

137 716 265 755 Grata
299 715 507 770 carpentis
529 714 669 767 thyma
696 728 775 768 per
805 713 999 754 laborem

134 769 390 819 Plurimum,
420 769 531 809 circa
559 782 705 807 nemus
734 769 936 823 uvidique
1405 775 1459 816 30

136 823 302 862 Tiburis
328 822 438 876 ripas
466 834 647 876 operosa
675 834 830 874 parvus

403 876 595 916 Carmina
621 874 751 929 fingo·

140 946 345 986 Concines
373 940 533 985 maiore
562 946 690 997 poe‘ta
717 943 884 998 plectro

139 1001 388 1049 Caesarem,
420 997 674 1053 quandoque
703 998 843 1037 trahet
870 997 1040 1040 feroces

135 1054 221 1093 Per
251 1066 413 1092 sacrum
443 1052 596 1091 clivum
613 1081 623 1101 ,
651 1051 800 1090 merita
825 1051 1005 1092 decorus
1407 1057 1462 1097 35

402 1105 596 1154 Fronde,
626 1104 898 1158 Sygambros:

139 1173 238 1229 Quo
267 1173 368 1212 nihil
395 1173 526 1212 maius
556 1171 760 1211 meliusve
787 1173 912 1212 terris

137 1226 241 1268 Fata
270 1227 484 1266 donavere
512 1225 696 1279 bonique
724 1225 848 1274 Divi,

137 1284 227 1322 Nec
257 1281 434 1330 dabunt,
465 1279 653 1334 quamvis
682 1278 858 1317 redeant
883 1277 926 1318 in
955 1292 1102 1319 aurum

404 1335 617 1386 Tempora
640 1331 838 1385 priscum.
1410 1341 1464 1385 40

142 1397 346 1437 Concines
375 1397 595 1452 laetosque
623 1395 734 1448 dies,
765 1405 808 1436 et
835 1396 959 1436 Urbis

139 1451 361 1490 Publicum
387 1451 555 1501 ludum,
584 1464 712 1503 super
738 1450 963 1503 impetrato

140 1505 282 1544 Fortis
309 1504 490 1557 Augusti
517 1503 679 1553 reditu,
707 1503 936 1559 forumque

403 1557 564 1597 Litibus
594 1557 758 1596 orbum.
1055 1570 1166 1590 -να
1197 1573 1267 1590 -υ

143 1625 251 1662 Tum
279 1627 423 1670 meae,
451 1624 485 1661 si
513 1623 612 1677 quid
639 1623 794 1677 loquor
822 1622 1097 1674 audiendum,
1409 1626 1465 1674 45

141 1677 271 1716 Vocis
301 1676 475 1715 accedet
502 1677 611 1716 bona
639 1691 757 1729 pars,
786 1685 849 1726 et,
881 1677 919 1716 Ο
951 1676 1025 1715 Sol

142 1730 348 1779 Pulcher,
379 1743 404 1768 o
432 1730 660 1779 laudande,
691 1744 854 1781 cauam,
881 1738 1056 1784 recepto

411 1783 589 1822 Caesare
618 1783 736 1822 felix.

144 1850 296 1903 Tuque
323 1847 423 1886 dum
450 1847 670 1899 procedis,
699 1849 743 1887 Io
772 1848 1011 1902 triumphe,
1347 1883 1353 1888 .

144 1903 239 1940 Non
268 1902 399 1941 semel
427 1899 635 1951 dicemus,
666 1902 709 1941 Io
738 1903 973 1956 triumphe,
1412 1900 1466 1940 50

211 2038 247 2059 v.
274 2028 328 2060 3ο.
361 2028 527 2071 Plerique
559 2029 607 2060 ita
638 2029 892 2071 inter-pungunt
925 2035 966 2062 ut
994 2028 1183 2074 plurimum
1208 2041 1287 2063 eum
1311 2028 1464 2062 laborem

146 2073 407 2114 coniungatur,
446 2073 625 2107 Bentleius
662 2079 788 2107 contra
823 2078 907 2118 post
930 2086 1055 2109 vocem
1079 2074 1232 2106 laborem
1257 2074 1397 2109 incidit.
1421 2093 1469 2100 —-

145 2130 182 2151 v.
200 2119 253 2151 31.
283 2117 422 2150 Tiburis
444 2120 536 2150 rivos
556 2119 672 2151 Bentl.
696 2130 714 2150 e
739 2119 895 2153 conieci.
921 2119 974 2152 Cf.
998 2117 1044 2152 ad.
1069 2118 1140 2152 Od.
1166 2120 1239 2160 ΙΙΙ,
1266 2122 1327 2161 25,
1357 2122 1468 2153 13.—

149 2175 179 2196 ν.
194 2162 249 2205 45.
274 2163 531 2208 loquorBentl.
553 2176 570 2196 c
590 2161 710 2197 Codd.
733 2164 885 2205 Vulgata
899 2165 1032 2199 lectio:
1057 2165 1195 2206 loquar.
1214 2165 1267 2196 Cf.
1285 2164 1401 2199 Bentl.
1423 2183 1467 2190 —
1504 2183 1509 2190 x

149 2220 178 2241 ν.
190 2207 246 2251 49.
262 2207 381 2242 Codd.
394 2210 531 2244 variant
544 2211 635 2242 inter
646 2210 771 2255 Tuque
786 2215 822 2241 et
836 2210 965 2255 Teque,
981 2210 1096 2243 Bentl.
1111 2220 1129 2242 e
1142 2211 1348 2243 coniectura
1361 2211 1467 2255 Isque
