1526 2404
139 110 193 149 88
588 118 626 159 Q,
659 116 842 144 uonna
872 117 1027 144 usam

142 207 228 248 Sed
257 207 511 251 rusticorum
541 204 725 246 mascula
753 208 931 248 militum

140 261 314 312 Prolem,
345 261 521 302 Sabellis
552 260 679 300 (locta
701 261 912 315 ligonibus

195 316 380 357 Versare
409 314 580 369 glebas,
609 321 652 355 et
684 329 863 357 severae
1283 341 1289 347 ·

244 369 387 409 Matris
417 368 472 408 ad
498 368 717 410 arbitrium
746 370 906 410 recisos
1423 370 1475 413 40

143 446 323 485 Portare
350 444 510 495 fustes,
538 443 602 484 sol
629 443 703 484 ubi
734 444 939 484 montium

141 500 325 538 Mutaret
353 497 546 548 umbras,
577 505 620 539 et
644 497 743 553 iuga
773 498 966 539 demeret

193 551 339 591 Bobus
369 551 576 605 fatigatis,
605 552 787 592 amicum

250 608 436 659 Tempus
465 618 592 659 agens
622 605 809 646 abeunte
831 619 975 646 curru.

145 675 358 713 Damnosa
387 674 488 729 quid
513 689 597 715 non
624 675 831 715 imminuit
860 673 983 715 dies?
1427 671 1480 720 45

143 728 272 768 Aetas
299 736 546 782 parentum,
573 729 698 782 peior
725 729 836 780 avis,
862 729 960 769 tulit

195 784 281 821 Nos
308 782 558 836 nequiores,
589 788 698 823 mox'
719 782 893 822 daturos

248 836 503 889 Progeniem
530 835 804 877 vitiosiorem.

666 964 854 1004 CAnMEN
882 942 974 1006 Vll.

611 1053 692 1093 AD
722 1053 1018 1093 ASTERIEN.

236 1139 460 1178 Consolatur
481 1154 559 1176 eam
583 1143 629 1177 de
652 1144 770 1176 mariti
793 1144 849 1176 vel
882 1143 987 1176 amici
1022 1143 1076 1175 sui
1099 1140 1270 1187 ‚absentia
1292 1144 1485 1179 moestam,

149 1188 255 1232 eique
279 1193 320 1222 ut
342 1187 452 1220 fidem
475 1196 592 1224 servet
617 1194 755 1223 monet.

563 1278 717 1313 Metram
740 1277 828 1313 idem
853 1275 956 1325 qwod
976 1276 1017 1317 Ι,
1044 1278 1078 1312 5.

148 1359 266 1456 Sum
291 1358 393 1410 sses,
419 1358 621 1411 Asterie‚'
638 1374 766 1416 quem
786 1358 862 1399 tibi
889 1356 1055 1398 candidi

186 1414 292 1455 rimo
319 1413 545 1454 restituent
572 1427 678 1455 vere
711 1411 915 1463 Favonii,

203 1467 348 1520 Thyna
368 1480 516 1507 merce
551 1465 745 1518 beatum,

259 1521 495 1561 Constantis
522 1521 721 1562 iuvenem
758 1518 868 1570 fide,

153 1595 330 1651 Gygen?
357 1597 434 1637 Ille
458 1597 578 1638 Notis
608 1605 723 1638 actus
752 1595 805 1635 atl
843 1593 1024 1635 Oricum
1467 1593 1495 1633 5

152 1652 259 1690 Post
285 1649 427 1690 insana
455 1651 616 1705 Caprae
645 1651 807 1702 sidera,
831 1647 1010 1702 frigidas

206 1706 366 1743 Noctes
394 1718 478 1744 non
515 1705 604 1745 sine
635 1704 776 1744 multis

262 1757 462 1798 Insomnis
495 1758 676 1799 lacrimis
706 1757 803 1812 agit.

156 1832 290 1887 Atqui
311 1833 515 1873 sollicitae
545 1833 714 1872 nuntius
741 1832 959 1887 hospitae,
1350 1882 1355 1886 ι

158 1886 380 1939 Suspirare
409 1885 595 1937 Chloen,
623 1894 667 1925 et
693 1886 888 1926 miseram
926 1885 1010 1926 tuis
1448 1899 1495 1925 ιο

212 1940 369 1980 Dicens
398 1937 563 1993 ignibus
598 1939 694 1989 uri,

264 1995 417 2033 Tentat
444 1992 558 2032 mille
587 1991 708 2032 vafer
736 1991 884 2033 modis.

203 2135 290 2174 Vll,
317 2147 346 2167 ν.
363 2133 396 2177 4.
418 2135 600 2167 constanti
617 2135 863 2180 iuvenemfide
883 2136 973 2169 Edd.
997 2135 1198 2180 principcs;
1223 2133 1341 2178 plures
1359 2131 1478 2168 Codd-

161 2180 354 2213 constantis
367 2178 472 2227 fidei.
501 2179 559 2218 Cs.
585 2178 708 2213 Bentl.
735 2186 772 2217 et
794 2180 907 2217 Both.
931 2181 1122 2216 Annotatt.
