1526 2404
502 180 756 212 nrisroun.
781 180 868 209 mn.
895 166 926 209 Ι.
953 177 991 206 2.
1323 166 1398 207 105

85 286 125 314 ut
148 280 257 315 alacri
278 279 396 313 animo
419 276 637 322 ingrediatur
650 275 809 310 iuvenem
828 281 960 309 monet.
984 274 1101 320 Atque
1123 285 1205 309 cum
1223 271 1294 307 hoc
1316 273 1396 350 ³2³⁰

83 332 154 360 tem
183 335 245 360 ore
264 324 427 358 Horatius
442 323 629 355 Praeneste
641 319 771 363 degens
788 320 930 353 Homeri
953 321 1108 354 carmina
1125 319 1307 362 relegisset
1356 329 1398 351 ac

84 338 262 405 serigendi
285 369 473 402 occasione
499 373 599 399 utens
626 366 778 410 primum
809 365 962 398 ostendit
989 365 1073 398 inde
1092 370 1258 408 tanquam
1284 375 1303 396 e
1328 364 1399 395 vita

123 427 161 449 sa
210 426 288 448 osse
319 414 495 458 aptissima
518 413 554 443 in
580 417 764 454 utramque
788 416 926 454 partem
957 410 1118 454 exempla
1140 420 1160 442 a
1182 409 1283 441 nobis
1311 409 1398 453 peti.

112 467 167 494 'ost
215 471 282 494 anc
310 460 482 502 egregiam
510 457 554 489 de
574 456 728 488 Homero
749 456 957 488 sententiam
978 455 1138 500 pluribus
1159 453 1326 486 versibus·
1338 464 1397 485 ex-

83 507 252 552 plicatam
277 504 384 549 (vet-5.
408 501 572 546 1—31.),
606 500 731 533 tradit·
748 501 931 545 potissima
957 506 1230 545 praeceptorum
1262 499 1397 542 capita,

85 551 211 596 quibus
240 551 309 582 vita
334 549 447 581 iuveni
473 545 628 591 regenda
655 546 716 586 sit,
748 551 819 577 tam
847 556 948 587 vere,
975 551 1047 578 tam
1070 556 1234 586 nervose,
1258 548 1331 576 tam
1352 542 1398 575 ad

81 594 367 649 persuadendum
392 599 496 638 apte,
520 597 559 624 ut
584 590 778 634 quemlibet
799 590 1080 632 adolescentem,
1112 590 1176 622 nisi
1205 590 1311 634 plane
1335 587 1398 619 ab·-

82 646 176 674 1ecto
210 641 326 672 animo
356 639 418 680 sit,
449 636 701 681 non-excitare
727 640 762 667 et
789 636 833 668 ad
863 637 997 682 optima
1023 647 1185 681 quaeque
1208 631 1400 667 incendere

80 697 154 720 non
175 685 324 730 possint.
348 682 463 729 (Ver-s.
485 686 532 717 32
553 692 663 727 usque
687 678 835 726 odfin.)

84 418 95 450 i

82 818 253 868 Troiani
278 818 384 859 belli
411 818 659 872 scriptorem
672 848 684 869 ,
709 818 888 858 maxime
912 815 1048 866 Lolli,

81 873 197 911 Dum
223 880 271 912 tu
293 872 500 912 declamas
528 873 713 922 Romae,
741 873 971 911 Praeneste
997 869 1089 909 rele
1119 870 1154 920 i3

83 924 192 985 Qui,
222 925 324 981 quid
353 926 405 965 sit
433 925 684 979 pulchrum,
711 924 813 980 quid
841 933 989 977 turpe,
1020 924 1092 977 qui
1145 921 1273 972 utile,
1299 917 1402 975 quid

479 1003 489 1007 -
869 991 976 1026 non,
1143 1013 1146 1015 .

81 1031 251 1070 Planius
283 1045 330 1071 ac
357 1030 506 1069 melius
536 1022 769 1085 Chry'sippo
793 1039 836 1070 et
857 1031 1062 1070 Crantore
1083 1029 1198 1068 dicit.

87 1085 174 1123 Cur
201 1085 260 1124 ita
285 1083 562 1132 crediderim,
590 1084 668 1123 nisi
696 1084 797 1139 quid
823 1092 867 1123 te
898 1083 1079 1133 detinet,
1107 1081 1216 1122 audi.
1375 1075 1404 1118 5

79 1136 264 1188 Fabula,
293 1151 376 1192 qua
401 1135 562 1177 Paridis
592 1145 770 1190 propter
796 1145 989 1176 narratur
1015 1148 1205 1175 amorem

84 1190 260 1230 Graecia
287 1189 504 1230 barbariae
532 1189 647 1229 lento
678 1190 820 1229 collisa
848 1190 1015 1240 duello,

81 1242 317 1290 Stultorum
340 1256 491 1297 regum
521 1250 564 1281 et
590 1243 848 1296 populorum
876 1243 1064 1283 continet
1089 1249 1243 1283 aestus.

80 1295 272 1336 Antenor
299 1304 444 1337 censet
469 1295 571 1334 belli
597 1296 846 1349 praecidere
875 1309 1054 1335 causam.

82 1348 197 1441 gum
222 1350 341 1389 Paris
359 1349 379 1389 Σ)
417 1356 464 1388 ut
491 1348 627 1387 salvus
655 1357 807 1403 regnet
841 1350 1035 1403 vivatque
1063 1348 1212 1388 beatus
1231 1375 1244 1398 ,
1357 1358 1406 1386 ιο

121 1403 191 1454 ogi
216 1416 342 1456 posse
368 1409 507 1454 negat.
542 1403 697 1442 Nestor
725 1415 981 1456 componere
1008 1401 1103 1441 lites

82 1455 196 1494 Inter
222 1456 398 1498 Peliden
425 1454 595 1494 festinat
623 1463 666 1494 et
692 1455 803 1495 inter
829 1455 1034 1494 Atriden:

83 1509 207 1546 Hunc
236 1522 375 1557 amor,
402 1508 465 1546 ira
493 1507 663 1562 quidem
684 1509 963 1547 communiter
983 1507 1070 1546 urit
1092 1515 1333 1561 utrumque.

88 1560 307 1617 Quidquid
334 1561 511 1599 delirant
538 1574 690 1613 regeS,
716 1562 962 1613 plectuntur
989 1559 1152 1599 Achivi.

86 1612 327 1662 Seditione,
357 1612 486 1662 dolis,
514 1613 700 1662 scelere,
731 1621 856 1667 atque
879 1612 1051 1652 libidine
1086 1620 1130 1651 et
1155 1613 1218 1651 ira
1360 1610 1408 1650 15

84 1666 231 1705 Iliacos
258 1666 365 1704 intra
391 1678 534 1703 muros
565 1674 766 1717 peccatur
794 1674 836 1704 et
865 1674 994 1704 extra.

84 1719 291 1767 Rursum,
320 1718 422 1772 quid
450 1718 582 1757 virtus
611 1726 653 1756 et
681 1718 780 1772 quid
808 1718 1008 1771 sapientia
1034 1717 1197 1770 possit,

27 1778 35 1797 ·’
86 1772 197 1811 Utile
231 1771 455 1824 proposuit
480 1769 599 1809 nobis
629 1770 844 1823 exemplar
871 1771 1056 1820 Ulixem,

86 1825 173 1881 Qui
199 1824 384 1864 domitor
414 1823 568 1862 Troiae
597 1823 825 1862 multorum
853 1823 1056 1876 providus
1085 1821 1212 1861 urbes

86 1880 143 1918 Et
162 1891 300 1917 mores
319 1877 534 1916 hominum
555 1875 755 1929 inspexit,
778 1876 993 1930 latumque
1012 1889 1092 1928 per
1118 1887 1301 1930 aequor,
1356 1885 1410 1913 20

87 1932 200 1970 Dum
230 1930 330 1982 sibi,
358 1931 458 1970 dum
485 1929 607 1969 sociis
632 1929 816 1969 reditum
836 1937 979 1983 parat,
1003 1942 1151 1982 aspera
1170 1927 1301 1968 multa

157 2091 210 2131 II,
235 2102 264 2122 v.
283 2090 315 2133 4.
338 2090 480 2134 planius
506 2101 546 2122 ex
568 2089 658 2121 Edd.
683 2089 900 2135 principibus
926 2094 961 2122 et
981 2089 1141 2133 plurimis
1162 2086 1279 2120 Codd.
1305 2096 1407 2119 revo-

93 2136 180 2168 cavit
194 2136 301 2167 Bentl.
329 2147 432 2178 quem
456 2134 537 2167 Vid.
565 2136 660 2166 Olim
683 2137 774 2178 vulg.
799 2136 945 2180 plenius.
971 2154 1015 2160 --
1039 2146 1070 2166 v.
1095 2144 1146 2168 ιο.
1178 2131 1287 2175 Quod
1303 2132 1406 2162 Paris

93 2180 166 2211 sine
197 2181 472 2223 interrogatione
502 2181 612 2211 Bentl.
645 2192 685 2213 ex
717 2181 832 2214 Codd.
869 2199 913 2205 —
947 2190 977 2210 v.
1005 2189 1056 2222 17.
1094 2188 1237 2211 rursum
1272 2188 1312 2209 ex
1336 2187 1407 2207 uno

95 2223 186 2256 Cod.
206 2225 317 2258 Banu.
341 2236 447 2269 quem
465 2224 547 2259 Vid.
568 2225 700 2258 collato
721 2225 822 2258 Both.
833 2225 1017 2258 Annotatt.
1043 2223 1183 2268 Refiqui
1201 2232 1340 2255 rursus-
1362 2235 1410 2246 -
