1526 2404
87 195 90 198 ·
142 176 200 230 78
620 187 663 231 ρ,
680 185 867 217 annun
892 185 1058 218 mcci·

143 283 393 324 Surrentina
419 280 543 324 vafer
570 281 643 345 qui
669 282 817 324 miscet
847 281 970 323 faece
995 282 1177 324 Falerna
1414 282 1472 328 65

142 337 274 389 Vina,
302 336 542 377 columbino
570 337 716 376 hmum
743 336 854 377 bene
882 336 1044 391 colligit
1071 350 1183 389 ovo,

145 391 366 484 §guatenus
392 390 474 430 ima
501 390 609 444 petit
636 390 811 430 volvens
840 391 974 430 aliena
1001 390 1183 431 vitellus.

178 445 287 484 'ostis
315 452 572 483 marcentem
599 443 758 498 squillis
786 443 999 484 recreabis
1029 451 1072 484 et
1098 442 1206 484 Afra

143 499 351 538 Potorem
378 497 575 549 cochlea3
604 511 700 536 nam
726 497 889 538 lactuca
914 497 1071 538 innatat
1097 497 1184 537 acri

144 552 250 591 Post
280 551 421 591 vinum
449 551 688 601 stomach03
715 565 848 613 perna
869 551 1000 605 magis
1021 564 1070 591 ac
1088 551 1220 606 magis
1238 550 1350 591 hillis
1416 549 1470 592 60

145 605 332 659 Flagitat
357 605 581 644 immorsus
608 603 750 655 refici,
779 605 879 660 quin
907 603 1045 644 omnia
1070 604 1209 655 malit,

144 659 436 713 Quaecunque
458 657 679 697 immundis
709 657 881 698 fervent
908 658 1029 697 allata
1055 657 1234 712 popinis.

142 713 222 752 Est
250 724 408 765 operae
435 711 620 764 pretium
649 711 705 750 du
738 711 827 751 licis
853 725 1111 765 pernoscere
1138 710 1240 751 iuris

143 767 356 805 Naturam.
386 764 573 818 Simplex
601 779 624 805 e
654 764 711 804 ‹lu
729 764 767 804 ci
796 772 960 812 constat
989 764 1131 815 olivo,
1296 797 1298 799 .

145 819 276 877 Quod
308 818 452 879 pingui
478 818 657 858 miscere
684 831 804 857 mero
832 818 1052 872 muriaque
1081 817 1276 871 decebit,
1416 815 1470 860 65

143 875 239 912 Non
268 872 346 911 aha
374 885 499 926 quam
525 886 607 926 qua
633 871 834 924 Byzantia
862 872 1002 925 putuit
1033 885 1143 912 orca.

145 927 243 966 Hoc
272 925 346 965 ubi
373 924 599 964 confusum
628 925 753 964 sectis
778 924 983 964 inferbuit
1009 925 1176 977 herbis,

148 980 415 1033 Corycioque
445 991 572 1018 croco
603 992 792 1032 sparsum
820 978 958 1029 stetit,
986 978 1158 1032 insuper
1193 977 1322 1019 addes

142 1034 297 1072 Pressa
324 1031 589 1075 Venafranae
619 1032 735 1087 quod
761 1032 890 1072 bacca
916 1032 1077 1072 remisit
1105 1031 1256 1073 olivae.

142 1086 308 1126 Picenis
333 1084 488 1128 cedunt
512 1085 647 1138 pomis
679 1085 870 1124 Tiburtia
897 1099 1048 1137 succo3
1418 1097 1472 1138 70

142 1140 249 1179 Nam
269 1139 378 1178 facie
402 1146 627 1190 praestant.
660 1139 879 1180 Venucula
907 1138 1103 1178 convenit
1123 1138 1217 1179 ollis
1230 1152 1244 1190 ;

143 1192 318 1232 Rectius
343 1191 549 1230 Albanam
570 1190 689 1229 fumo
718 1191 934 1230 duraveris
961 1205 1098 1231 uvam.

143 1248 264 1286 Hanc
292 1258 374 1299 ego
400 1255 495 1282 cum
514 1243 653 1293 malis,
682 1256 763 1297 ego
781 1243 947 1283 faecem
969 1244 1128 1297 primus
1151 1253 1194 1284 et
1215 1244 1362 1296 halec,

144 1300 310 1339 Primus
339 1305 382 1337 et
401 1296 592 1336 invenior
617 1296 740 1350 piper
763 1296 924 1348 album,
949 1310 1042 1336 cum
1069 1297 1156 1337 sale
1186 1297 1309 1351 nigro

144 1353 379 1400 heretum,
407 1350 523 1403 puris
551 1350 901 1403 circumposuisse
931 1350 1090 1390 catillis.
1414 1350 1469 1403 75

145 1407 328 1446 Immane
357 1411 421 1443 est
448 1403 614 1453 vitium,
644 1403 744 1442 dare
772 1403 901 1442 millia
928 1412 1047 1443 terna
1073 1405 1278 1456 macello,

148 1460 426 1513 Angustoque
454 1469 583 1509 vagos
610 1456 748 1509 pisces
775 1470 933 1510 urgere
959 1458 1108 1497 catino.

144 1514 295 1567 Magna
322 1517 467 1550 movet
495 1509 710 1548 stomacho
739 1509 928 1561 fastidia,
958 1524 1034 1550 seu
1061 1524 1170 1564 puer
1196 1509 1331 1551 unctis

149 1564 363 1605 Tractavit
389 1562 562 1602 calicem
590 1562 798 1613 manibus,
826 1563 926 1602 dum
954 1563 1068 1603 furta
1094 1564 1282 1618 ligurrit,

147 1620 247 1659 Sive
271 1616 408 1673 gravis
436 1615 573 1655 veteri
604 1624 791 1656 craterae
821 1617 942 1655 limus
965 1617 1164 1658 adhaesit.

146 1672 310 1715 Vilibus
336 1671 377 1709 in
406 1669 568 1722 scopis,
597 1669 639 1708 in
666 1670 849 1723 mappis,
877 1669 918 1709 in
946 1669 1101 1720 scobe,
1123 1679 1301 1725 quantus

149 1725 348 1766 Consistit
376 1721 566 1761 sumtus?
591 1723 820 1776 neglectis,
848 1722 1053 1777 flagitium
1081 1724 1243 1777 ingens-

148 1779 249 1819 Ten'
274 1775 435 1831 lapides
465 1775 600 1815 varios
631 1776 836 1816 lutulenta
863 1778 1016 1817 radere
1043 1778 1206 1831 palma,

147 1835 205 1874 Et
233 1832 377 1885 Tyrias
406 1829 506 1868 (lare
532 1829 689 1868 circum
714 1830 832 1870 illota
862 1830 1013 1870 toralia
1042 1839 1206 1880 vestes,
1325 1867 1330 1871 .

150 1886 366 1936 oblitum,
394 1890 549 1938 quanto
578 1896 721 1922 curam
747 1892 1015 1939 sumtumque
1042 1884 1250 1924 minorem
1413 1881 1467 1922 85
1519 1884 1525 1888 ’

147 2062 194 2074 ·—
223 2057 253 2078 v.
274 2045 330 2077 61.
359 2042 544 2076 immersus
562 2045 675 2079 Bentl.
697 2056 716 2077 e
736 2043 851 2077 Codd.
873 2048 908 2077 et
926 2049 1008 2077 vett.
1027 2042 1117 2076 Edd.
1145 2042 1266 2074 Plures
1287 2039 1401 2073 Codd.
1432 2046 1467 2074 et

174 2093 338 2133 leraeque
364 2089 448 2121 olim
477 2089 566 2121 Edd.
591 2091 628 2122 in
655 2101 803 2122 morsus.
829 2088 883 2121 Cf.
905 2088 1030 2122 Heind.
1052 2089 1231 2120 immersus
1251 2086 1344 2119 coni.
1365 2085 1465 2118 Both.

149 2148 185 2170 m
211 2136 388 2168 Annotatt.
412 2154 455 2160 —-
480 2136 614 2168 mavult
634 2134 747 2168 Codd.
767 2135 903 2178 aliquot
926 2140 960 2167 et
981 2133 1028 2166 ita
1051 2134 1161 2166 Bentl.
1191 2131 1245 2164 Cf.
1271 2130 1395 2164 Heind.
1421 2150 1466 2157 -

148 2194 179 2214 v.
201 2182 256 2215 62.
290 2180 327 2212 in
345 2179 482 2212 mundis
507 2180 620 2212 Codd.
647 2181 754 2224 Cruq.
789 2180 859 2213 Sed
883 2178 964 2212 V-id.
988 2179 1098 2211 Bentl.
1134 2197 1179 2206 —-
1203 2189 1235 2209 v.
1264 2177 1320 2220 78.
1354 2183 1467 2210 movet

150 2221 260 2262 Bentl.
282 2236 302 2260 e
324 2222 439 2260 Codd.
468 2236 573 2271 quem
591 2224 674 2259 Vid.
708 2225 777 2260 Sed
795 2229 878 2260 vett.
900 2223 991 2258 Edd.
1015 2225 1226 2270 plerumque
1246 2229 1394 2257 movent.
