1526 2404
118 184 171 211 αα
562 184 816 225 Q.u01u'rn
849 184 1003 212 nacci

118 278 330 312 defenderet
355 284 467 322 poeta
490 277 580 313 hanc
609 280 752 312 satiram
777 279 1000 323 conscripsit.
1026 278 1144 323 Atque
1164 285 1201 311 ut
1219 280 1288 312 iam
1314 281 1350 313 in
1371 284 1446 314 σεῖ’·

116 326 233 358 monis
259 324 411 357 exordio
436 324 507 358 hoc
529 326 719 359 consilium
743 324 980 368 significatur,
1006 325 1058 356 ita
1079 326 1231 370 pitopria
1247 327 1445 370 argumenti

114 372 283 404 tractatio
309 369 392 404 inde
418 381 439 403 a
464 370 506 404 V.
529 370 585 415 48.
611 371 817 405 instituitur.
855 367 1042 415 Heindorf

115 506 293 559 Eupolis
323 513 448 561 atque
478 505 671 545 Cratinus
699 505 1112 562 Aristophanesque,
1139 508 1317 560 poe'tae,

113 560 254 614 Atque
284 560 373 610 alii,
403 572 583 614 quorum
615 559 846 599 Comoedia
872 560 1010 613 prisca
1041 559 1225 599 virorum
1256 570 1345 612 est,

114 613 159 652 Si
186 613 278 668 quis
308 612 398 652 erat
426 613 574 667 dignus
601 612 804 662 describi,
834 614 950 668 quod
978 613 1134 662 malus,
1162 621 1232 653 aut
1259 614 1352 666 fur,

112 666 246 759 guod
272 666 473 706 moechus
504 666 641 717 foret,
671 674 740 706 aut
769 666 961 717 sicarius,
992 675 1063 706 aut
1098 667 1254 724 alioqui

152 734 339 770 amosus,
368 720 498 759 multa
526 734 622 759 cum
651 720 845 760 libertate
884 719 1095 760 notabant.
1413 722 1440 762 5

112 773 222 812 Hinc
249 774 380 813 omnis
407 774 566 827 pendet
594 774 798 824 Lucilius,
821 773 951 813 hosce
985 783 1179 824 secutus,

111 826 278 866 Mutatis
306 835 474 866 tautum,
495 827 672 880 pedibus
703 829 995 882 numerisque,
1023 827 1214 879 facetus,
1256 860 1258 863 .

112 882 346 920 Emunctae
373 881 505 929 naris,
537 881 666 920 durus
691 894 948 934 componere
977 894 1138 920 versus.
1250 920 1254 924 ,

110 935 215 973 Nam
238 934 320 973 fuit
343 933 425 973 hoc
456 933 651 982 vitiosus,
680 935 721 973 in
748 935 853 974 hora
881 948 1008 987 saepe
1036 934 1263 986 ducentOS,

112 987 168 1026 Ut
195 1002 414 1042 magnum,
444 1001 590 1027 versus
621 987 802 1027 dictabat
829 996 940 1027 stans
966 987 1076 1041 pede
1097 988 1138 1026 in
1162 1003 1260 1028 uno.
1334 1022 1337 1025 .
1393 1002 1439 1029 ιο

111 1040 256 1134 guum
285 1040 440 1080 flueret
467 1041 720 1091 lutulentus,
749 1050 840 1081 erat
864 1038 979 1103 quod
1005 1041 1162 1081 tollere
1190 1042 1345 1083 velles:

153 1094 315 1132 arrulus
333 1124 343 1143 ,
374 1102 501 1148 atque
528 1094 651 1147 piger
678 1095 887 1134 scribendi
916 1095 1034 1134 ferre
1062 1094 1275 1146 laborem,

111 1147 332 1187 Scribendi
359 1155 498 1185 recte:
527 1161 621 1185 nam
648 1156 695 1186 ut
722 1149 923 1197 multum,
951 1148 1007 1186 nil
1031 1161 1190 1187 moror.
1220 1150 1357 1198 Ecce,

112 1200 325 1261 Crispinus
354 1199 522 1238 minimo
553 1214 620 1238 me
648 1209 866 1252 provocat.
896 1223 949 1229 —
977 1200 1160 1253 Accipe,
1191 1201 1225 1240 si
1257 1202 1339 1252 vis,

108 1253 323 1307 Accipiam
351 1252 534 1303 tabula83
565 1252 689 1292 detur
715 1253 833 1293 nobis
862 1253 1003 1300 loeus,
1034 1253 1162 1302 hora,
1385 1253 1433 1293 15

111 1306 342 1358 Custodes3
372 1306 608 1355 videamus,
636 1314 733 1345 uter
759 1303 852 1360 plus
886 1305 1073 1345 scribere
1101 1305 1246 1359 possit.
1273 1330 1327 1336 -

108 1361 167 1399 Di
192 1360 301 1399 bene
327 1360 544 1408 fecerunt,
571 1359 705 1412 inopis
736 1373 801 1399 ine
828 1358 1030 1414 quodque
1051 1359 1194 1412 pusilli

107 1414 143 1452 F
146 1413 339 1453 inxerunt
360 1412 503 1462 animi,
529 1426 626 1451 raro
651 1421 693 1452 et
711 1427 924 1466 perpauca
945 1413 1179 1467 loquentis;

107 1468 165 1506 At
192 1475 239 1507 tu
267 1467 482 1506 conclusas
509 1465 676 1504 hircinis
705 1466 878 1506 follibus
909 1479 1051 1515 auras,

107 1521 251 1575 Usque
279 1519 541 1569 laborantes,
571 1518 670 1557 dum
700 1519 864 1559 ferrum
893 1519 1052 1558 molliat
1080 1519 1210 1573 igniS,
1380 1533 1432 1560 20

107 1575 163 1614 Ut
191 1573 342 1623 mavis,
369 1572 543 1611 imitare.
574 1574 731 1612 Beatus
762 1573 966 1622 Fannius,
996 1573 1108 1611 ultro

107 1628 268 1680 Delatis
298 1626 430 1679 capsis
460 1633 503 1664 et
528 1626 732 1679 imagine!
763 1641 891 1681 quum
919 1640 1011 1665 mea
1042 1640 1166 1665 nemo

109 1680 275 1734 Scripta
301 1680 437 1732 legat,
463 1679 592 1733 vulgo
622 1680 802 1719 recitare
828 1679 1034 1728 timentis,
1062 1679 1116 1718 ob
1144 1679 1250 1719 hanc
1277 1693 1391 1730 rem,

154 1734 239 1773 uod
259 1741 352 1772 sunt
370 1745 475 1787 quos
498 1746 629 1785 genus
651 1733 732 1772 hoc
751 1733 918 1772 minime
940 1733 1076 1782 iuvat,
1095 1740 1244 1786 utpote
1262 1733 1407 1786 plures

107 1787 277 1841 Culpari
295 1787 455 1840 dignos
485 1787 688 1848 Quemvis
708 1787 846 1826 media
866 1786 974 1840 elige
994 1785 1138 1836 turba3
1373 1787 1424 1826 25

103 1936 151 1942 -
171 1930 207 1951 v.
232 1919 263 1950 3.
298 1915 426 1962 aesm-
458 1916 580 1949 Bentl.
613 1930 631 1951 e
659 1916 780 1952 Codd.
817 1918 889 1951 Sed
923 1918 1005 1951 Vid.
1037 1917 1164 1950 Heind.
1199 1922 1238 1951 et
1269 1916 1354 1951 Fea.
1378 1935 1424 1943 --

104 1975 139 1996 v.
170 1974 219 1995 11.
247 1962 355 1994 Both.
378 1963 509 1995 verba:
543 1963 717 1996 scribendi
737 1972 827 1996 recte
851 1987 882 1995 ..
904 1988 911 1996 .
938 1975 1057 1996 moror·
1078 1962 1334 2007 parentheseos
1359 1973 1424 1994 un-

106 2009 192 2042 cinis
215 2007 422 2048 includcns,
455 2015 631 2041 commate
658 2015 792 2041 tantum
819 2010 1059 2053 interpungit,
1092 2014 1130 2041 ut
1151 2007 1328 2051 garrulus
1353 2012 1424 2040 etc.

106 2052 151 2086 ad
177 2054 372 2098 Crispinum
395 2053 582 2085 reseratur.
610 2053 666 2087 Cf.
692 2054 787 2086 lahn.
811 2072 857 2078 -
879 2066 914 2086 v.
944 2056 991 2087 15.
1025 2053 1146 2097 Accipe
1171 2054 1240 2084 iam
1263 2051 1378 2084 Bentl.
1403 2063 1422 2085 e

106 2097 224 2132 Codd.
245 2104 278 2130 et
303 2104 387 2131 vett.
414 2100 552 2142 aliquot
582 2100 670 2131 Edd.
699 2100 752 2131 (js.
779 2100 925 2132 Gesner.
951 2104 987 2132 et
1012 2098 1137 2131 Heind.
1161 2116 1207 2122 -—
1231 2109 1261 2130 ν.
1292 2098 1341 2130 18.
1368 2098 1421 2129 lo-

107 2153 266 2190 quentem
288 2143 410 2178 Bentl.
434 2155 475 2176 ex
502 2146 595 2177 coni.
623 2143 679 2178 Cf.
707 2143 888 2178 Heindorf.
913 2162 959 2169 —·
997 2155 1025 2175 ν.
1053 2145 1105 2177 25.
1142 2143 1212 2175 Pro
1247 2143 1336 2185 elige
1360 2143 1421 2174 alii

107 2190 223 2222 codd.
249 2190 342 2233 iique
361 2190 505 2234 plurimi
526 2203 628 2231 erue,
654 2191 712 2223 alii
737 2192 825 2236 eripe
850 2188 944 2224 unde
967 2190 1061 2222 coni.
1087 2189 1201 2232 arripe
1225 2187 1420 2222 Reum-Cf.

104 2235 229 2268 Heind-
