1526 2404
136 185 191 234 84
214 203 215 206 ’
570 182 626 237 o.
653 193 839 222 nonna
867 191 1024 223 rucei

136 291 308 331 Scilicet
336 288 445 330 elabi
472 288 507 327 si
532 294 680 341 posset
705 295 895 338 mortua3
925 287 1078 340 credo,

135 344 267 399 Quod
297 344 470 382 nimium
497 341 705 380 institerat
732 340 904 381 viventi.
935 341 1092 382 Cautus
1119 339 1258 394 adito,

127 400 229 437 vNeu
259 397 369 436 desis
401 407 557 448 operae
585 407 694 438 neve
722 393 1023 434 immoderatus
1050 394 1250 434 abundes.

134 449 365 489 Difficilem
395 458 438 488 et
465 461 683 487 morosum
711 445 905 486 offendet
932 448 1150 501 garrulus,
1187 447 1302 488 ultro
1411 459 1478 502 90.

132 505 228 542 Non
255 503 379 542 etiam
408 501 543 540 sileas.
571 501 716 539 Davus
743 499 796 538 sis
827 500 1036 551 comicus,
1075 508 1202 556 atque

134 557 230 596 Stes
261 556 395 617 capite
425 553 618 606 obstipo,
646 552 827 591 multum
854 553 996 592 similis
1025 554 1242 594 metuenti.

134 609 356 663 Obsequio
388 620 603 661 grassare:
633 619 782 656 mone,
811 606 846 645 si
873 605 1084 646 increbuit
1111 607 1235 658 aura',

135 664 293 701 Cautus
322 661 384 700 uti
410 661 526 701 velet
555 673 698 699 carum
726 667 875 712 caput3
905 658 1078 699 extrahe
1101 659 1226 699 turba

133 715 352 768 Oppositis
382 713 591 763 humeris3
622 725 767 751 aurem
796 712 1036 766 substringe
1070 711 1251 767 loquaci.
1411 715 1465 768 95

131 770 399 822 Importuuus
427 774 536 805 amat
564 765 746 804 laudari:
769 765 929 816 donec,
959 765 1057 806 Ohe
1083 765 1188 805 iam!

130 822 200 860 Ad
230 821 398 860 coelum
425 818 616 859 manibus
642 817 814 857 sublatis
845 819 1020 869 dixerit,
1048 832 1180 872 urge,
1209 826 1253 858 et

132 875 406 914 Crescentem
433 872 602 912 tumidis
630 869 728 910 infla
756 871 1017 910 sermonibus
1044 880 1197 912 utrem.

131 928 276 978 Quum
303 935 346 966 te
376 925 550 965 servitio
571 925 700 977 longo
731 938 918 980 curaque
950 925 1124 976 levarit,

128 981 186 1019 Et
215 988 379 1019 certum
410 979 607 1032 vigilans,
638 978 827 1032 Quartae
856 985 947 1017 esto
974 977 1104 1031 partis
1133 977 1302 1031 Ulixes,
1387 993 1462 1020 100

127 1034 349 1082 Audieris,
377 1032 522 1071 heres:
552 1032 670 1084 Ergo
695 1044 806 1070 nunc
834 1032 970 1069 Dama
996 1030 1151 1070 sodalis

127 1089 341 1140 Nusquam
372 1084 467 1126 est?
497 1083 610 1123 unde
638 1083 740 1122 mihi
764 1092 850 1122 tam
875 1083 1035 1122 fortem
1054 1092 1226 1139 tamque
1254 1083 1460 1126 fidelem?

126 1139 290 1191 Sparge
318 1137 517 1185 subinde,
547 1145 612 1186 et,
641 1136 674 1174 si
692 1137 865 1188 paulum
892 1144 1040 1188 potes,
1068 1137 1332 1178 illacrimare.
1378 1140 1460 1179 Est

127 1192 289 1230 Gaudia
316 1189 570 1242 prodentem
604 1188 762 1227 vultum
793 1189 945 1227 celare.
975 1188 1231 1241 Sepulcrum

124 1244 385 1282 Permissum
415 1241 587 1280 arbitrio
617 1240 706 1279 sine
736 1240 931 1279 sordibus
962 1250 1154 1281 exstrue:
1182 1242 1310 1284 funus
1384 1244 1459 1285 105

124 1296 313 1349 Egregie
343 1295 504 1333 factum
528 1293 672 1331 laudet
702 1293 864 1333 vicinia.
893 1293 937 1331 Si
965 1293 1057 1346 quis

123 1350 258 1388 Forte
289 1347 551 1387 coheredum
581 1346 722 1385 senior
750 1347 860 1385 male
890 1347 1062 1395 tussiet,
1089 1346 1187 1387 huic
1223 1356 1271 1388 tu

123 1402 230 1451 Dic,
261 1415 314 1440 ex
340 1408 461 1453 parte
490 1408 582 1448 tua,
613 1411 688 1436 seu
719 1398 841 1437 fundi
868 1399 957 1437 sive
987 1399 1135 1438 domus
1166 1400 1219 1440 sit

122 1455 294 1503 Emtor,
325 1452 578 1506 gaudentem
605 1465 776 1490 nummo
806 1461 848 1491 te
877 1451 1087 1490 addicere.
1118 1452 1214 1499 Sed*
1231 1468 1302 1495 me

121 1506 352 1559 Imperiosa
386 1504 514 1544 trahit
543 1505 798 1558 Proserpina
807 1519 822 1556 3
850 1505 947 1545 vive
977 1506 1170 1560 valeque.
1382 1522 1457 1549 110

654 1629 822 1669 Suum
849 1631 922 1674 VI.

190 1738 298 1783 Quod
323 1739 473 1772 maxime
499 1740 534 1771 in
559 1739 648 1770 votis
672 1736 843 1770 habuerat
869 1739 1052 1784 Horatius,
1085 1746 1125 1773 ut
1147 1741 1239 1774 liber
1262 1740 1453 1784 aliquando

121 1786 166 1818 ab
193 1785 288 1817 omni
319 1786 545 1826 negotiorum
579 1794 662 1815 cura
702 1788 736 1814 et
767 1784 1025 1827 impedimentis
1059 1787 1148 1819 vitae
1187 1785 1253 1818 sibi
1278 1786 1343 1829 ipsi
1367 1797 1454 1819 rure

120 1832 248 1862 viveret
274 1835 308 1861 et
333 1829 406 1860 otio
432 1840 495 1860 suo
524 1829 721 1869 frueretur,
753 1828 789 1859 id
822 1829 889 1860 iam
913 1831 1014 1863 villae
1040 1830 1188 1863 Sabinae
1215 1836 1450 1874 eratposses-

121 1876 222 1908 sione
247 1879 444 1916 assecutus3
477 1885 592 1917 neque
614 1879 732 1905 tamen
758 1879 828 1905 tam
841 1875 981 1908 assidue
1001 1887 1106 1920 quam
1122 1877 1226 1908 vellet
1248 1875 1299 1907 ibi
1321 1874 1452 1918 degere

118 2026 165 2034 .-.
188 2019 223 2039 v.
248 2016 305 2050 90.
332 2001 486 2050 offindes
511 2004 623 2036 Bentl.
641 2017 682 2038 cx
699 2005 920 2049 coniectura3
945 2007 1081 2051 recepit
1101 2008 1205 2040 etiam
1227 2006 1351 2040 Heind.
1377 2007 1447 2041 Sed

120 2052 177 2084 Cf.
200 2051 302 2083 Both.
325 2051 508 2082 Annotatt.
525 2069 568 2074 —
595 2049 691 2082 ultr-a
714 2050 815 2082 multi
842 2051 956 2084 Codd.
983 2058 1017 2084 et
1042 2052 1131 2084 Edd.
1151 2052 1273 2085 Servat
1293 2053 1377 2084 Fea.
1391 2052 1445 2085 Cf.

118 2094 246 2129 Heind.
279 2113 323 2119 —
355 2094 469 2127 Bentl.
506 2100 587 2138 post
613 2095 706 2127 ultro
731 2102 901 2139 punctum
927 2098 1090 2129 collocat.
1115 2114 1162 2120 —
1188 2108 1224 2128 v.
1251 2098 1324 2130 103.
1350 2096 1443 2129 Cod.

118 2151 138 2173 a
162 2140 303 2173 Barthio
330 2140 528 2182 inspectus:
556 2148 608 2178 et,
633 2141 668 2171 si
685 2140 831 2183 paulum
850 2149 967 2183 potes,
992 2141 1202 2173 illam-{mare
1225 2149 1277 2172 est
1302 2140 1444 2174 Gaudia

114 2184 332 2230 prudentum
360 2183 458 2216 νιιίιιι
486 2182 608 2215 celare.
632 2184 719 2217 Inde
744 2186 858 2219 Beml.
895 2186 989 2218 coni.
1017 2193 1066 2224 et,
1096 2186 1147 2217 sic
1175 2185 1321 2229 paulum
1343 2193 1443 2230 potes

115 2230 346 2268 illacrimare,
379 2235 413 2260 et
434 2227 576 2261 Gaudia
597 2227 790 2272 prudenter
814 2231 914 2264 νιιῖειι
938 2230 1060 2263 celare.
1085 2229 1140 2262 Cf.
1163 2230 1287 2263 Heind.
1311 2229 1411 2263 Iahn.
