1526 2404
134 244 137 248 ,
158 197 213 257 96
601 210 645 253 ρ.
672 209 859 240 uonArn
885 209 1045 244 ruem

158 305 233 348 dit,
254 310 295 339 ut
318 306 374 338 vix
398 304 591 349 quidquam
613 305 765 350 ineptius
778 330 788 348 ‚
814 307 982 350 agrestius
998 306 1036 340 et
1050 305 1159 350 magis
1181 303 1374 339 ridiculum
1393 305 1492 348 cogi-

158 352 226 384 tari
251 357 393 396 posset,
418 362 522 395 quam
547 350 634 384 haec
657 352 734 395 ipsa
758 363 870 384 coena
893 358 927 385 et
953 353 1013 395 qui
1038 362 1115 385 eam
1138 351 1304 396 praebuit
1328 350 1491 383 Nasidie-

159 407 248 436 nus,
274 409 316 428 ex
336 395 459 441 irfima
470 394 654 440 fortuna,
679 403 719 430 ut
743 397 861 429 omnia
881 402 1051 440 arguunt,
1073 404 1280 442 provectus,
1305 395 1434 437 homo,
1452 400 1494 428 ut

159 441 349 475 Wielandii
381 441 493 473 verbis
530 446 696 483 utamur,
727 453 828 474 avare
863 443 1061 487 prodigus,
1097 441 1250 486 superbe
1280 440 1491 482 submissus,

160 492 365 528 arroganter
386 486 571 527 credulus,
598 487 807 529 elegantiam
833 492 869 519 et
891 487 1127 519 urbanitatem
1139 485 1291 519 ridicule
1310 485 1491 527 affectans,

159 531 222 563 sed
248 531 341 563 idem
362 532 518 574 ineptus,
546 531 652 575 taedii
671 533 813 575 plenus,
838 532 1005 574 stolidus,
1031 532 1126 563 omni
1143 542 1268 573 sensu,
1286 530 1491 563 liberaliore

159 576 370 609 educatione
397 582 431 608 et
457 577 546 608 vitae
575 587 639 607 usu
669 577 867 609 destitutus.
907 577 973 610 Vel
1002 577 1179 620 hodieque
1209 577 1324 620 lector
1353 575 1492 607 Horatii

158 621 213 653 vix
237 621 274 652 in
307 622 379 652 ulla
413 621 479 652 alia
513 621 585 652 eius
617 622 722 653 satira
755 627 826 653 tam
851 623 960 654 multa
990 619 1141 654 ridicula
1173 625 1208 653 et
1231 619 1424 654 deridenda
1455 621 1493 652 in

158 677 267 698 unum
290 667 440 698 collecta
464 666 638 698 inveniet:
678 672 810 709 quanto
842 668 920 710 plus
942 677 1108 699 romanus
1145 666 1261 698 lector
1285 658 1490 698 invenerit?

158 711 370 743 Praesertim
394 711 487 742 enim
513 710 547 741 in
576 711 637 751 iis,
663 722 752 754 quae
777 711 821 744 de
837 712 999 744 ciborum
1017 712 1143 744 ordine
1161 716 1196 743 et
1214 715 1384 754 apparatu
1407 720 1489 742 nar-

158 761 299 796 rantur,
325 757 379 787 vix
400 766 493 787 nunc
514 754 615 786 nobis
634 755 819 788 derisionis
839 757 908 789 vim
930 758 981 789 vel
1007 757 1213 789 coniectura
1235 755 1371 799 assequi
1388 755 1490 796 licet;

158 811 273 844 neque
292 800 448 832 salmasii
475 805 535 831 aut
551 799 741 843 Boettigeri
767 802 920 834 eruditio
945 806 1109 845 suppetat
1128 799 1173 833 ad
1199 811 1321 833 omnes
1341 800 1492 845 ineptias

161 844 475 887 demonstrandas,
501 845 629 890 quibus
654 844 741 879 haec
766 857 879 879 coena
901 847 1128 880 laboraverit.
1149 843 1336 892 Heindorf

681 1002 960 1042 Horatius.

156 1070 214 1108 Ut
234 1069 447 1109 Nasidieni
473 1071 580 1113 iuvit
607 1081 651 1112 te
679 1084 812 1111 coena
838 1070 983 1110 beati?

155 1124 262 1161 Nam
289 1123 391 1162 mihi
420 1126 641 1165 convivam
670 1124 892 1179 quaerenti
919 1123 1059 1165 dictus
1085 1124 1191 1165 here
1215 1124 1303 1165 illic

155 1175 225 1215 De
251 1175 393 1215 medio
425 1186 578 1231 potare
608 1178 694 1218 die.

686 1245 723 1283 F
734 1259 763 1283 u
778 1260 806 1283 n
817 1244 844 1283 d
855 1243 1019 1284 anius.

746 1311 842 1363 Sic,
869 1319 918 1351 ut
945 1310 1047 1350 mihi
1074 1325 1297 1366 nunquam¹

154 1382 202 1422 In
229 1381 315 1424 vita
337 1380 471 1421 fuerit
506 1380 670 1420 melius.
744 1377 753 1385 ’

693 1448 737 1486 Η
748 1461 772 1486 o
784 1462 807 1486 r
822 1446 896 1486 ati
907 1461 934 1485 u
948 1461 980 1486 s.

720 1517 809 1565 Da,
840 1515 875 1554 si
898 1528 1028 1569 grave
1055 1529 1140 1555 non
1169 1523 1258 1568 est,

156 1570 280 1632 Quae
307 1568 442 1623 prima
466 1567 619 1606 iratum
648 1577 842 1608 ventrem
868 1568 1101 1622 placaverit
1129 1581 1240 1609 esca.
1462 1569 1491 1610 5

654 1635 980 1675 Fundanius.

154 1706 201 1743 In
227 1704 372 1757 primis
401 1705 594 1742 Lucanus
634 1718 756 1757 aper:
784 1704 869 1744 leni
895 1702 978 1742 fuit
1007 1703 1166 1741 Austro

157 1758 337 1810 Captus,
364 1765 411 1795 ut
441 1756 579 1795 aiebat
610 1770 767 1796 coenae
791 1765 936 1811 pater3
972 1755 1081 1794 acria
1113 1755 1273 1794 circum

154 1811 343 1863 Rapula‚
372 1810 584 1859 lactucae,
614 1810 799 1859 radices,
829 1809 965 1864 qualia
995 1808 1148 1846 lassum
1287 1836 1290 1840 .

159 1863 410 1901 Pervellunt
437 1862 722 1912 stomachum,
751 1864 878 1912 siser,
905 1861 1049 1910 halec,
1082 1860 1249 1900 faecula
1279 1859 1379 1902 Cha.

155 1916 232 1954 His
255 1914 328 1953 ubi
355 1914 526 1953 sublatis
552 1929 661 1967 puer
695 1917 776 1955 alte
812 1916 971 1955 cinctus
1000 1926 1193 1952 acernam
1435 1928 1482 1955 ιο

159 1968 353 2021 Gausape
380 1981 601 2021 purpureo
630 1981 816 2008 mensam
842 1966 1065 2022 pertersit,
1094 1973 1137 2006 et
1160 1966 1274 2006 >alter

200 2103 298 2144 VIII,
315 2115 345 2135 v.
364 2114 394 2138 ι.
419 2104 490 2136 Fea
505 2115 523 2135 e
539 2102 654 2135 Codd.
681 2100 867 2135 Nasidieni
878 2101 942 2147 qui
955 2101 1047 2134 iuvit
1058 2106 1124 2134 etc.
1144 2099 1239 2133 unde
1254 2100 1352 2133 Iahn.
1375 2101 1483 2135 conii.

158 2149 231 2191 ριιί
242 2147 426 2180 Nasidieni
443 2154 508 2181 etc.
539 2149 592 2179 Cs.
613 2149 725 2190 Bentl.
749 2153 784 2179 et
806 2147 908 2179 Both.
925 2146 1107 2178 Annotatt.
1132 2163 1175 2170 —
1197 2156 1227 2177 v.
1245 2146 1278 2187 4.
1305 2144 1352 2177 da
1367 2145 1482 2178 Codd.

155 2192 351 2270 ξἰετιὲεέξεᾰ
366 2194 509 2238 plurimi
523 2192 639 2229 Codd.
654 2198 688 2226 et
702 2192 962 2235 antiquissimae
971 2189 1062 2223 Edd.
1077 2187 1144 2223 dic.
1158 2189 1214 2222 Cf.
1227 2190 1340 2223 Bentl.
1356 2189 1482 2223 Heind-
