1526 2404
150 186 209 241 *8⁹¹6
389 202 391 204 ’
609 196 650 251 Q.
673 199 862 236 ‘n‘o'nAru
886 194 1044 237 rnxccx

153 298 379 347 Proximus
410 302 605 353 accedat,
635 303 709 357 qui
735 317 845 344 nunc
873 303 1094 345 denormat
1120 302 1322 357 agellum!

149 359 196 400 Ὀ
227 359 262 399 si
289 373 438 397 urnam
457 357 621 411 argenti
639 358 731 396 fors
751 371 860 411 quae
878 357 980 396 mihi
998 365 1224 408 monstret,
1254 365 1302 397 ut
1327 357 1410 410 illi,
1435 371 1481 399 10

155 412 376 452 Thesauro
405 411 577 450 invento
609 410 682 464 qui
706 410 990 450 mercenarius
1017 425 1164 464 agrum

152 466 277 504 Illum
305 464 442 518 ipsum
470 471 680 502 mercatus
711 463 864 513 aravit,
896 464 1014 503 dives
1044 463 1176 513 amico

151 510 365 559 Hercule!
395 517 460 568 Si,
491 516 607 572 quod
638 516 779 567 adest,
807 525 975 570 gratum
1005 517 1143 558 iuvat:
1171 516 1251 556 hac
1277 530 1408 572 prece
1437 525 1483 558 te

154 616 158 620 .
768 584 870 620 oro,
1238 580 1240 586 ·

147 625 320 678 *Pingue
346 636 478 677 pecus
508 622 678 665 domino
707 623 860 673 facias,
890 631 934 663 et
970 632 1135 674 cetera,
1162 631 1334 677 praeter

153 678 394 732 Ingenium3
422 685 556 731 utque
585 677 720 727 soles,
749 686 892 716 custos
919 676 1021 715 mihi
1047 676 1250 716 maximus
1286 675 1406 715 adsis.
1436 677 1483 717 15

153 731 274 792 Ergo
304 730 377 769 ubi
402 744 471 769 me
499 731 540 769 in
564 739 731 770 montes
766 738 809 769 et
835 730 877 777 in
905 740 1044 769 arcem
1075 743 1127 770 ex
1153 729 1269 769 Urbe
1294 729 1482 780 removi,

145 783 271 838 'Quld
298 785 414 836 prius
442 781 649 831 illustrem
677 783 821 822 Satiris
850 783 1052 838 Musaque
1079 781 1299 837 pedestri?

150 835 242 888 Nec
270 837 378 875 mala
406 850 474 875 me
504 836 674 876 ambitio
705 835 871 891 perdit,
901 849 979 876 nec
1006 835 1231 890 plumbeus
1260 835 1442 888 Auster,

151 890 501 943 Auctumnusque
533 890 695 943 gravis,
723 889 930 928 Libitinae
959 892 1156 944 quaestus
1185 889 1378 929 acerbae.

151 943 355 982 Matutine
387 951 530 995 pater,
560 956 637 981 seu
664 945 760 982 Iane
790 942 984 982 libentius
1025 942 1165 992 audis,
1431 953 1483 981 20

152 996 276 1035 Unde
302 995 481 1034 hominis
572 1007 691 1035 erum
719 995 878 1050 primos
911 996 1108 1051 vitaeque
1141 994 1310 1035 labores
1361 1037 1364 1041 ,

147 1049 398 1098 ΙΠεῑὶῒιίηηΊ,
422 1048 508 1101 (sic
583 1052 615 1087 is
645 1050 845 1102 placitum
859 1048 890 1100 ,)
920 1057 968 1088 tu
995 1049 1185 1088 carminis
1216 1056 1308 1087 esto

147 1102 425 1154 Principium.
458 1101 618 1140 Romae
647 1113 896 1155 sponsorem
924 1114 992 1141 m'e
1019 1102 1144 1155 rapis.
1173 1124 1228 1132 —-
1247 1100 1348 1153 Eia,

147 1153 216 1200 ¹Ne
243 1156 363 1207 prior
387 1152 530 1192 officio
562 1155 782 1208 quisquam
805 1155 1082 1207 respondeat,
1112 1169 1165 1193 ur
1197 1168 1233 1194 e.

153 1207 253 1246 Sive
287 1206 442 1260 Aquilo
471 1205 580 1244 radit
607 1215 767 1254 terras,
798 1221 874 1246 seu
902 1207 1049 1245 bruma
1071 1207 1165 1246 niva
1185 1221 1254 1246 em
1431 1207 1483 1248 25

151 1259 358 1298 Interiore
388 1258 500 1297 diem
527 1272 630 1313 gyro
660 1259 811 1309 trahit,
843 1259 906 1298 ire
930 1273 1103 1298 necesse
1134 1268 1210 1299 est.
1239 1283 1294 1290 -—-

149 1311 410 1361 Postmodo,
442 1312 557 1372 quod
583 1311 640 1350 mi
667 1312 798 1361 obsit,
828 1313 941 1351 clare
968 1320 1217 1367 certumque
1258 1313 1427 1363 locuto,

149 1364 413 1404 Luctandum
442 1379 483 1402 in
511 1363 637 1403 turba
667 1373 709 1403 et
738 1364 931 1404 facienda
964 1365 1113 1404 iniuria
1141 1365 1284 1404 tardis.
1311 1389 1366 1395 —

151 1417 269 1480 Quid
306 1416 384 1456 tibi
422 1416 507 1468 vis,
543 1416 716 1456 insane?
745 1426 788 1456 et
821 1431 946 1472 quam
980 1432 1071 1457 rem
1107 1418 1194 1472 agis
1231 1418 1481 1472 improbus?

949 1479 1075 1523 urget

146 1523 268 1562 Iratis
295 1521 515 1575 precibus3
540 1530 587 1561 tu
617 1523 760 1575 pulses
789 1536 912 1563 omne
942 1524 1057 1578 quod
1087 1523 1248 1575 obstat,
1426 1525 1480 1566 3ο

148 1576 219 1615 Ad
245 1577 531 1614 Maecenatem
558 1577 737 1615 memori
766 1577 799 1615 si
833 1585 976 1616 mente
1004 1591 1211 1617 recurras.
1244 1601 1299 1608 —-

148 1630 245 1670 Hoc
269 1628 384 1668 iuvat
417 1637 460 1667 et
485 1628 600 1668 melli
627 1637 712 1681 est,
744 1643 829 1669 non
863 1630 1053 1670 mentiar.
1086 1631 1144 1670 At
1165 1631 1288 1670 simul
1319 1639 1427 1671 atras

214 1770 288 1811 VI,
312 1781 348 1802 v.
366 1780 400 1812 9.
422 1768 599 1812 deformat
621 1772 740 1814 plures
759 1770 874 1803 Codd.
897 1776 931 1804 et
952 1775 1034 1803 vell.
1059 1769 1150 1802 Edd.
1178 1770 1248 1804 Sed
1270 1771 1418 1805 CnFea.
1433 1790 1478 1797 —

144 1826 180 1849 v.
200 1825 251 1848 10.
278 1826 370 1847 (ιιιιε
390 1816 500 1846 Benil.
521 1826 538 1847 c
557 1818 675 1848 multis
697 1816 811 1848 (jodd.
834 1822 867 1848 ct
887 1816 1128 1849 vetustissimis
1149 1816 1240 1848 Edd.
1270 1818 1366 1849 Olim
1382 1818 1474 1859 vulg.

146 1872 220 1906 qua
245 1861 272 1891 C
291 1883 298 1891 .
324 1861 395 1892 Fea
429 1866 463 1892 et
485 1860 583 1891 noth.
611 1861 791 1892 Annotatt.
818 1882 862 1887 —
893 1873 936 1893 v..
956 1861 1008 1893 16.
1046 1860 1193 1893 Gesner.
1221 1860 1474 1894 hunc'versum

144 1905 346 1950 parenthesi
370 1905 535 1945 includit,
563 1906 767 1937 Heindorfio
794 1906 981 1949 probante.
1009 1906 1079 1937 Sed
1101 1905 1158 1940 Cf.
1180 1906 1276 1938 Iahn.
1299 1925 1341 1931 —
1365 1917 1400 1938 v.
1418 1905 1474 1948 24.

142 1961 251 1993 {ct-ges
278 1949 392 1981 codd.
418 1951 723 1993 aliquotLambini
740 1975 750 1992 ,
773 1952 934 1983 aliorum.
961 1969 1001 1974 —
1027 1962 1062 1982 v.
1088 1961 1140 1993 29·
1171 1951 1223 1982 Ita
1245 1962 1285 1983 ex
1305 1950 1472 1983 ernenda-

142 1995 243 2026 tionc
268 1994 379 2026 Bentl.
407 2006 486 2026 cum
512 1996 654 2037 plurimi
681 1995 796 2027 codd.
834 1997 948 2028 serant
974 2006 981 2028 :
1016 1995 1113 2035 Quid
1134 1995 1197 2027 tibi
1222 1996 1268 2027 vis
1292 1996 1416 2027 insane
1441 2004 1474 2028 et

142 2050 237 2085 quas
254 2051 308 2070 res
327 2038 432 2081 agis?
453 2039 630 2083 improbus
648 2049 761 2083 urget.
786 2041 856 2073 Fea
874 2053 892 2073 e
912 2041 981 2071 suis
1004 2040 1118 2072 Codd.
1140 2038 1240 2079 Quid
1258 2039 1305 2071 νίς
1324 2041 1476 2072 insane?

142 2091 176 2117 ec
195 2095 286 2129 quas
306 2096 361 2115 res
383 2084 488 2126 agis?
508 2084 687 2129 improbus
704 2094 817 2128 urget.
844 2085 916 2116 Sed
937 2086 990 2116 Cf.
1014 2084 1116 2116 Both.
1152 2085 1283 2116 Omnes
1307 2085 1471 2118 Editores

141 2134 286 2174 praeter
311 2128 507 2161 Gesnerum
525 2153 534 2170 ,
573 2135 606 2161 et
642 2131 701 2173 qui
731 2142 810 2163 eum
836 2135 1053 2173 sequuntur,
1085 2128 1263 2173 improbus
1287 2140 1358 2161 non
1391 2141 1470 2162 cum

144 2175 242 2216 agis,
276 2173 338 2205 sed
371 2184 451 2205 cum
482 2182 586 2215 urget
606 2175 834 2217 coniungunt.
871 2175 923 2206 Cf.
956 2174 1080 2206 Heind.
1119 2193 1162 2199 ——
1198 2185 1232 2205 v.
1259 2175 1312 2206 30.
1346 2174 1470 2219 pulsas

144 2218 233 2250 Cod.
258 2219 390 2251 Bersm.
416 2224 450 2250 et
476 2219 612 2262 aliquot
634 2221 725 2251 Fene
752 2220 804 2251 ef.
830 2219 954 2252 Heind.
979 2237 1026 2243 —
1054 2230 1090 2251 v.
1119 2219 1172 2252 32.
1204 2219 1351 2251 mentior
1375 2219 1466 2251 Coll.

127 2264 222 2301 ,Sax-
247 2268 281 2297 et
307 2263 396 2296 Cod.
421 2264 552 2296 Bersm.
582 2264 663 2296 Vid.
690 2266 803 2297 Bentl.
