1526 2404
516 159 756 194 sunnonem
786 159 873 188 un.
901 148 931 190 1.
959 161 1002 202 7.
1371 147 1425 199 37
1492 157 1496 160 ⁴

613 274 783 315 Sarma
811 273 905 318 VII.

154 373 350 408 Musonius
374 372 413 406 in
440 372 520 406 Vita
543 372 672 406 Horat.
698 385 735 418 p.
760 374 818 417 69.
843 383 938 407 anno
961 371 1006 404 U.
1031 370 1073 405 C.
1093 374 1182 416 713,
1206 385 1289 410 cum
1310 374 1424 408 Hom-

100 420 171 452 tius
190 424 277 464 post
298 417 481 463 proelium
503 416 736 462 Philippense
760 419 909 452 Romam
932 417 1096 450 rediisset
1110 441 1121 459 ,
1154 418 1245 453 hanc
1279 422 1426 452 satiram

101 463 342 508 conscriptam
365 473 442 496 esse
468 467 603 495 censet.
642 462 716 496 Sed
748 474 854 506 quam
886 463 987 496 brevi
1022 467 1083 495 ant
1114 463 1224 506 longo
1257 470 1425 508 tempore

99 509 315 553 interposito
338 507 410 541 hoc
441 512 623 541 certamen
656 508 807 541 scurrile
841 508 916 543 eius
948 507 1105 539 narratio
1131 509 1324 542 subsecuta
1358 510 1426 549 sit,

101 554 179 596 quis
204 557 308 586 certo
332 552 404 585 hoc
428 546 749 584 demonstraverit?
770 552 811 584 P.
825 552 987 596 Rupilius
1002 551 1076 583 Rex
1092 551 1269 592 Romanus
1294 565 1338 592 es
1362 564 1426 594 co·

101 596 204 630 horte
228 597 325 629 Bruti
351 596 398 639 (v.
414 595 575 639 23—25.)
600 601 688 629 tunc
705 597 879 640 temporis
894 597 1012 628 Asiam
1030 598 1250 639 provinciam
1267 609 1287 630 a
1301 603 1426 631 senatu

103 643 171 674 sibi
192 641 442 674 demandatam
458 639 730 673 administrantis
753 653 835 674 cum
858 642 982 674 Persio
1008 640 1165 684 quodam
1189 643 1425 684 Clazomenis,

101 687 226 719 Ionica
247 686 359 727 urbe,
383 685 609 728 negotiatore
630 685 731 719 litem
752 684 929 726 habebat,
954 696 1046 730 quae
1066 691 1144 718 erat
1166 697 1290 720 coram
1313 686 1425 720 Br-uto

106 737 278 779 praetore
303 729 381 773 (7¹¹
407 730 454 763 U.
479 727 534 773 C.)
559 729 770 763 dirimenda.
803 730 1006 773 Litigabant
1028 731 1135 773 igitur
1157 733 1300 775 utrique
1325 742 1427 765 aner-

101 777 192 809 rima
215 775 463 819 contentione,
494 773 652 818 Rupilius
682 775 826 818 insuper
855 775 1088 808 acerbissimis
1111 778 1303 818 conviciis,
1336 777 1426 809 Per-

101 821 172 854 sius
203 820 370 851 vllissima
403 823 506 850 utem
537 828 620 861 erga
649 818 795 851 Brutum
827 819 1046 853 adulatione.
1091 820 1252 853 Tandem
1286 822 1427 854 Persius

101 866 195 898 salse
217 862 366 908 aliquod
389 862 524 903 dictum
547 863 583 895 in
612 862 853 896 adversarium
880 864 1077 908 expromit,
1100 865 1199 908 quod
1221 867 1332 906 totius
1355 865 1427 898 his-

102 909 259 943 toriolae
283 918 435 941 acumen
461 912 498 939 et
517 908 615 950 quasi
643 907 838 940 medullam
860 909 1038 949 continet,
1062 919 1154 940 vers.
1181 911 1223 943 33
1248 921 1348 953 seqq.
1372 916 1427 942 at-

104 965 174 998 que
197 952 484 985 narratiunculae
508 951 615 984 finem
638 953 800 996 imponit.
830 953 882 985 De
908 952 978 986 hoc
1002 952 1042 984 P.
1060 952 1201 996 Rupilio
1226 955 1319 998 Rege
1339 955 1428 987 affe-

104 1004 188 1038 runt
212 997 358 1038 Scholia
379 996 547 1039 Cruquii:
582 995 729 1029 Publius
752 996 914 1042 Rupilius
934 996 1011 1029 Rex
1032 997 1306 1038 Praenestinus,
1329 1007 1428 1042 poste

104 1054 212 1090 quam
236 1053 259 1074 α
287 1041 524 1074 Praenestinis
553 1040 591 1072 in
625 1040 765 1074 exilium
785 1043 911 1074 missus
934 1050 1043 1082 esset,
1066 1041 1105 1074 in
1130 1043 1250 1076 Attica
1269 1043 1432 1083 militavit

105 1087 172 1120 sub
195 1087 292 1120 Attio
323 1087 441 1125 Varo;
473 1082 596 1125 deinde
621 1095 700 1122 cum
718 1093 924 1130 praeturam
945 1093 1100 1129 gereret,
1132 1087 1172 1119 in
1202 1088 1430 1121 mummi-atu

102 1132 322 1178 pro-emptus
337 1129 381 1162 ab
397 1132 559 1172 Augusto
577 1128 742 1174 confugit
763 1128 817 1162 ad
823 1131 997 1172 Brutum,
1015 1131 1054 1163 in
1072 1131 1174 1165 culus
1198 1133 1326 1164 casn-is·
1349 1143 1430 1164 cum

104 1177 256 1216 Horatio
281 1174 463 1217 commilito
481 1173 563 1206 tulit
582 1184 687 1217 aegre
709 1173 890 1207 tribunum
913 1186 990 1207 eum
1012 1186 1085 1209 esse
1099 1176 1267 1216 militum,
1291 1177 1432 1222 generis

106 1220 357 1264 ignobilitatem
380 1219 414 1251 ei
433 1219 572 1262 saepim
589 1217 818 1262 exprobrans.
846 1221 966 1262 Quare
979 1220 1174 1259 Horatius,
1196 1229 1238 1254 ut
1256 1233 1292 1253 se
1325 1221 1429 1253 ulcis-

108 1273 262 1305 ceretur,
288 1262 452 1303 describit
472 1262 664 1307 infacetum
687 1271 721 1294 et
740 1274 919 1307 arrogans
942 1265 980 1297 in
1002 1263 1181 1306 iurgando
1205 1276 1284 1298 cum
1308 1266 1429 1298 Persio

105 1309 295 1352 ingenium.
332 1308 434 1340 Idem
468 1313 613 1340 narrant.
642 1307 739 1340 Acro
776 1313 814 1340 et
845 1308 1019 1352 Porphyr.
1060 1308 1133 1350 Qui
1153 1310 1301 1353 tandem
1324 1311 1431 1353 igitur

106 1352 317 1387 wielandus
341 1354 460 1385 omnia
472 1374 483 1393 ,
508 1363 598 1395 quae
614 1362 688 1383 non
704 1363 746 1384 ex
760 1353 834 1396 ipsa
850 1353 957 1385 satira
974 1354 1087 1397 petita
1104 1354 1192 1395 sint,
1211 1354 1430 1389 Scholiastas

107 1398 145 1435 in
167 1397 234 1431 hac
255 1398 458 1438 narratione
476 1401 699 1438 commentos
720 1407 797 1434 esse
814 1396 991 1437 affirmare
1011 1392 1205 1439 sustinuit?

672 1475 775 1490 F—‚Q

109 1531 343 1585 Proscripti
368 1530 500 1584 Regis
525 1530 671 1583 Rupili
696 1546 776 1584 pus
807 1540 936 1587 atque
964 1545 1175 1573 venenum

109 1584 300 1636 Hybrida
326 1597 410 1637 quo
435 1579 562 1643 paeto
592 1584 645 1622 sit
670 1585 842 1623 Persius
868 1585 1005 1633 ultus,
1043 1586 1195 1638 opinor

114 1636 318 1677 Omnibus
348 1643 391 1674 et
416 1634 540 1687 lippis
575 1643 721 1674 notum
748 1646 792 1675 et
818 1637 1060 1676 tonsoribus
1088 1650 1195 1677 esse.

112 1689 284 1730 Persius
314 1687 383 1726 hic
409 1689 636 1740 permagna
663 1689 832 1740 negotia
860 1689 977 1728 dives
1013 1689 1196 1728 habebat

53 1759 60 1765 ·
115 1740 401 1789 Clazomenis,
430 1738 554 1778 etiam
583 1739 677 1778 lites
704 1753 799 1779 cum
825 1741 948 1793 Rege
979 1742 1200 1791 molestas3
1408 1742 1435 1782 5

113 1794 260 1832 Durus
286 1793 438 1840 homo,
471 1798 595 1843 atque
624 1791 723 1830 odio
752 1793 824 1846 qui
849 1801 995 1846 posset
1021 1794 1191 1833 vincere
1218 1794 1408 1847 Regem,

118 1843 365 1896 Confidens‚
390 1842 683 1897 tumidusque,
713 1845 819 1884 adeo
849 1847 1053 1889 sermonis
1082 1845 1230 1896 amari,

117 1897 330 1948 Sisennas.¹
358 1900 516 1941 Barros
546 1903 594 1935 ut
621 1896 737 1948 equis
764 1906 1063 1949 praecurreret
1089 1898 1204 1937 albis.

116 1950 187 1989 Ad
210 1951 375 2004 Regem
402 1947 548 1989 redeo.
576 1948 807 2002 Postquam
833 1949 934 1988 nihil
965 1950 1077 1989 inter
1104 1958 1332 2010 utrumque

120 2003 346 2043 Convenit:
376 2001 479 2055 (hoc
506 1999 660 2039 etenim
687 2009 782 2040 sunt
808 2015 951 2041 omnes
978 2002 1070 2042 iure
1097 2002 1289 2053 molesn,
1389 2014 1436 2041 ιο

188 2139 275 2181 VII,
301 2152 332 2174 ν.
354 2150 387 2174 2.
411 2138 532 2172 Ibrida
555 2137 657 2170 Both.
682 2138 751 2170 Alii
768 2136 928 2172 Hibrida.
949 2138 1004 2172 Cs.
1021 2140 1146 2174 Heind.
1169 2158 1212 2166 —
1236 2152 1268 2173 v.
1284 2141 1316 2174 5.
1340 2137 1440 2173 haud

121 2183 221 2230 lippis
244 2186 338 2218 com'.
359 2184 489 2217 Faber.
514 2183 595 2216 vid.
619 2182 734 2215 Bentl.
756 2188 791 2215 et
818 2182 942 2215 Heind.
