1526 2404
148 142 223 191 148
584 158 625 199 Q·
650 158 833 187 nom-ru
861 159 1017 189 rucei

143 248 320 290 Condita
347 258 445 304 post
474 249 708 303 frumenta,
736 253 922 294 levantes
947 262 1035 295 tem
1065 268 1142 296 ore
1168 255 1280 297 festo
1383 261 1458 306 ¹4⁰

142 302 332 356 Corpus,
361 312 404 343 et
431 305 568 358 ipsum
597 306 776 346 animum
803 321 878 360 spe
903 306 995 348 finis
1049 324 1127 348 ura
1151 309 1386 362 ferentem,

142 356 248 394 Cum
276 357 399 396 sociis
429 372 607 411 operum
636 366 679 398 et
706 361 871 412 pueriS,
899 369 943 401 et
969 362 1148 416 coniuge
1173 361 1280 414 fida,

140 409 357 450 Tellurem
384 423 542 472 por-fico,
572 411 783 452 Silvanum
809 414 918 454 lacte
946 415 1134 468 piabant,

138 462 336 502 Floribus
365 471 408 502 et
434 479 530 504 vino
561 465 761 515 Genium,
788 481 1018 511 memorem
1052 466 1194 508 brevis
1220 465 1324 508 aevi.

138 516 174 553 F
178 516 396 555 esce1mina
424 531 503 570 per
530 517 641 557 hunc
667 518 834 559 inventa
859 521 1027 560 licentia
1052 534 1238 572 morem,
1383 519 1457 567 145

138 569 344 609 Versibus
373 570 541 609 alternis
570 572 800 624 opprobria
827 574 983 613 rustica
1010 574 1142 624 fudit3

138 622 417 676 Libertasque
447 633 715 664 recurrentes
744 634 916 679 accepta
943 641 1023 680 per
1050 638 1177 667 annos

138 675 258 714 Lusit
287 677 540 725 amabiliter,
570 677 704 717 donec
731 679 812 718 iam
839 693 988 720 saevus
1016 695 1037 719 a
1071 678 1205 719 ertam'

137 729 183 766 In
211 728 372 768 rabiem
401 730 543 782 coepit
569 732 682 770 verti
708 732 849 782 iocus,
882 741 925 772 et
953 692 1249 786 perllionestas

137 782 204 820 Ire
233 781 379 821 domos
407 783 575 843 impune
603 785 749 824 minax.
777 786 968 826 Doluere
999 793 1175 826 cruento
1383 782 1457 823 150

136 835 276 874 Dente
305 836 506 886 lacessit13
535 836 617 876 fuit
643 837 805 877 intactis
839 853 1010 894 quoque
1040 853 1155 888 cura„
1457 840 1474 850 ”

110 891 116 896 ”
139 888 390 929 Conditione
419 903 547 942 super
575 891 802 931 communi:
831 893 931 946 quin
959 892 1083 932 etiam
1108 893 1178 931 lex
1265 937 1270 943 ,

136 942 278 980 Poena
313 956 367 982 ue
396 942 500 991 lata,
528 944 636 983 malo
666 958 773 998 quae
799 946 928 985 nollet
960 945 1139 985 carmine
1168 955 1419 998 quemquam

135 995 345 1034 Descrifi.
371 996 557 1035 Vertere
585 997 777 1046 modum,
805 998 1030 1038 formidine
1059 998 1183 1037 fustis

135 1047 205 1085 Ad
232 1048 339 1088 bene
368 1049 590 1088 (licendum
619 1050 993 1106 delectandumque
1021 1051 1195 1091 redacti.
1382 1048 1456 1089 155

137 1100 314 1141 Graecia
343 1109 462 1154 capta
483 1101 624 1140 ferum
650 1103 858 1143 victorem
888 1105 1023 1158 cepit,
1051 1112 1095 1143 et
1122 1112 1235 1143 artes

135 1154 277 1193 Intulit
305 1154 461 1208 agresti
487 1155 630 1194 Latio:
659 1156 718 1194 sic
746 1156 943 1195 horridus
972 1158 1042 1196 ille
1075 1195 1078 1201 ‚

135 1205 325 1245 Dessuxit
351 1220 547 1245 numerus
576 1208 812 1258 Saturnius;
842 1217 885 1247 et
913 1223 1040 1262 grave
1067 1208 1184 1250 virus

134 1260 361 1298 Munditiae
389 1259 618 1312 pepulere3
647 1260 721 1299 sed
748 1261 789 1298 in
815 1262 987 1314 longum
1014 1270 1153 1300 tamen
1181 1272 1331 1300 aevum

136 1313 378 1351 Manscrunt
402 1311 615 1366 hodieque
646 1321 812 1352 manent
837 1315 1014 1367 vestigia
1041 1314 1163 1353 ruris.
1379 1310 1453 1354 160

137 1365 266 1405 Serus
294 1365 403 1404 enim
433 1365 605 1404 Graecis
634 1365 818 1406 admovit
846 1368 1032 1406 acumina
1060 1366 1235 1418 chartis3

136 1419 194 1458 Et
221 1426 318 1471 post
343 1418 501 1457 Punica
528 1418 638 1457 bella
667 1419 858 1472 quietus,
887 1422 1093 1473 quaerere
1123 1421 1286 1474 coepit,

86 1470 91 1476 ’
137 1472 253 1524 Quid
283 1470 514 1524 Sophocles
541 1478 584 1510 et
612 1470 788 1524 Thespis
817 1480 859 1512 et
886 1474 1117 1526 Aeschylus
1145 1475 1248 1513 utile
1276 1473 1454 1512 ferrent.

137 1525 334 1565 Tcntavit
361 1537 532 1584 quoquc
561 1537 676 1574 rem,
699 1526 733 1563 si
763 1525 886 1579 digne
911 1535 1082 1567 vertere
1109 1534 1276 1580 posset,

135 1579 193 1617 Et
220 1577 378 1632 placuit
405 1576 500 1626 siln,
533 1585 679 1616 natura
707 1578 893 1618 sublimis
923 1588 965 1619 et
993 1594 1111 1619 acer:
1378 1579 1453 1622 165

136 1633 240 1670 Nam
270 1631 401 1684 spirat
428 1630 635 1683 tragicum
663 1630 781 1682 satis,
812 1640 855 1671 et
881 1632 1065 1672 feliciter
1092 1631 1218 1672 audet
1226 1645 1240 1684 3

137 1685 224 1723 Sed
254 1692 424 1736 turpem
457 1691 577 1735 putat
608 1684 752 1723 inscite
786 1686 1019 1741 metuitque
1051 1686 1231 1725 lituram.

139 1738 360 1786 Creditur,
394 1749 445 1774 ex
476 1737 615 1777 medio
650 1737 745 1791 quia
778 1752 846 1778 res
881 1741 1078 1789 arcessit,
1109 1738 1285 1781 habere.

138 1790 313 1830 Sudoris
345 1788 578 1838 minimum,
611 1791 685 1829 sed
718 1791 845 1830 hahet
878 1793 1105 1833 Comoedia
1135 1799 1251 1832 tanto
1315 1802 1320 1806 '

136 1844 239 1883 Plus
256 1842 417 1894 oneris,
446 1851 600 1896 quanto
622 1844 764 1884 veniae
783 1845 930 1886 minus.
955 1846 1161 1900 Adspice,
1181 1845 1354 1887 Plautus
1377 1858 1473 1901 170.

138 2014 183 2021 —
206 2005 245 2026 v.
274 1993 346 2036 142.
374 1994 467 2026 Haec
493 1999 543 2026 est
575 1996 710 2038 vulgata
739 1994 846 2029 lectio
882 1994 1042 2041 pluribus
1071 1995 1186 2030 Codd.
1209 1997 1391 2030 Pulmann.
1414 2003 1451 2031 et

138 2040 229 2072 Feae
250 2039 466 2072 confirmata.
493 2040 561 2071 Alii
584 2040 698 2073 Codd.
722 2044 755 2074 et
780 2041 869 2074 Edd.
892 2047 971 2074 vett.
996 2042 1159 2074 omittunt
1174 2049 1208 2073 et
1227 2048 1307 2074 ante
1325 2044 1450 2087 pueris

138 2084 351 2117 Vid..Bentl.
382 2090 416 2116 et
437 2085 517 2117 Fen.
543 2105 586 2110 —
614 2096 650 2117 v.
680 2084 751 2128 1'45.
773 2087 910 2119 invecta
935 2087 1077 2119 licentia
1099 2087 1209 2118 Bentl.
1236 2087 1450 2121 coniectura.

140 2127 195 2162 Cf.
217 2130 296 2162 Fca.
322 2147 369 2154 —
396 2140 433 2160 v.
469 2132 541 2172 167.
566 2130 742 2164 Plurimae
776 2133 863 2164 olim
889 2132 978 2164 Edd.
1002 2138 1110 2176 putat
1131 2132 1169 2163 in
1190 2132 1351 2177 scripti-5,
1385 2132 1450 2166 sed

141 2174 259 2207 Codd.
273 2175 348 2208 fere
363 2185 485 2208 omnes
499 2176 637 2209 mscite.
652 2176 735 2210 Vid.
749 2176 927 2211 Bentleius
943 2177 1003 2222 qui
1019 2176 1118 2211 dedit
1129 2176 1279 2210 inscitus
1292 2178 1448 2212 coniecti

139 2225 177 2252 et
198 2221 280 2253 Fea.
1051 2229 1055 2233 ’
1437 2229 1443 2235 “
