1526 2404
103 150 158 199 46
561 164 600 204 Q,
630 163 812 189 HonA'rn
842 162 996 189 nacci

569 277 757 316 CAnMEN
783 277 974 320 XXXVI.

438 359 518 399 AD
545 361 801 402 PLOTIUM
828 362 1103 404 NUMIDAM.

169 451 228 484 Ob
262 452 336 484 eius
370 462 413 484 ex
436 451 601 495 Hispania
633 450 790 484 reditum
817 452 946 495 gaudio
971 454 1132 487 exultans
1156 451 1434 487 sacrificandum

102 497 302 541 laetiusque
327 496 527 542 parandum
552 498 751 530 convivium
776 509 852 530 esse
875 497 977 532 dicit.

585 578 739 612 ,Metram
765 579 881 611 θαι-ιη.
906 581 938 613 3.

103 658 161 696 Et
184 656 311 697 thure
341 666 384 698 et
411 656 562 697 fidibus
593 659 710 700 iuvat

153 711 329 751 Placare
359 720 402 751 et
430 712 551 751 vituli
579 712 780 767 sanguine
808 712 955 754 debito

109 764 318 804 Custodes
346 765 550 804 Numidae
578 767 720 816 Deos,

157 817 242 879 Qui
267 832 376 857 nunc
405 819 613 871 Hesperia
641 832 789 873 sospes
817 818 869 859 ab
899 819 1045 860 ultima

108 870 226 909 Caris
261 872 392 910 multa
429 872 664 923 sodalibus,
1118 905 1127 914 ,
1409 873 1436 915 5

154 924 268 963 Nulli
293 925 416 977 plura
442 934 582 965 tamen
609 926 759 966 dividit
787 925 953 977 oscula,

103 976 242 1039 Quam
270 977 382 1017 dulci
411 979 582 1018 Lamiae
592 993 604 1030 3
632 993 798 1019 memor

155 1030 290 1070 Actae
318 1045 402 1070 non
431 1032 510 1071 alio
539 1046 644 1086 rege
684 1032 905 1087 puertiae,

101 1085 373 1138 Mutataeque
401 1084 523 1124 simul
550 1093 692 1138 togae.

159 1137 311 1176 Cressa
336 1151 389 1176 ne
417 1147 558 1177 careat
584 1138 762 1191 pulchra
790 1138 882 1178 dies
909 1146 1032 1190 nota,
1386 1152 1434 1180 ιο

101 1191 197 1229 Neu
223 1198 415 1243 promtae
443 1191 592 1230 modus
622 1190 872 1244 amphorae,

155 1244 251 1282 Neu
277 1257 440 1283 morem
466 1244 508 1283 in
537 1244 695 1283 Salium
724 1244 777 1283 sit
802 1244 972 1299 requies
1000 1243 1182 1298 pedum3

100 1298 196 1337 Neu
223 1297 343 1336 multi
370 1298 554 1337 Damalis
582 1297 686 1336 meri

155 1351 333 1389 Bassum
358 1350 556 1390 Threicia
580 1351 717 1390 vincat
753 1350 977 1403 amystide,

102 1403 196 1442 Neu
224 1403 360 1442 desint
390 1404 523 1457 epulis
560 1417 707 1453 rosae,
1239 1404 1242 1406 ’
1350 1455 1352 1458 .
1385 1405 1434 1446 15

155 1457 250 1495 Neu
274 1456 401 1496 vivax
428 1457 589 1510 apium,
617 1470 701 1495 neu
727 1455 861 1497 breve
882 1456 1031 1496 lilium.

104 1508 264 1550 Omnes
295 1510 339 1548 in
364 1511 557 1549 Damalin
584 1518 730 1563 putres

154 1563 383 1615 Deponent
414 1564 583 1613 oculos,
610 1576 688 1602 nec
717 1562 901 1603 Damalis
940 1577 1056 1605 novo

103 1615 344 1656 Divelletur
372 1616 588 1667 adultero,

155 1669 340 1710 Lascivis
369 1670 508 1710 ederis
537 1668 810 1709 ambitiosior.
1378 1683 1430 1712 20

173 1845 350 1888 XXXVI,
373 1857 410 1880 v.
428 1855 481 1881 ιο.
505 1844 657 1879 Thressa
681 1857 724 1878 ne
749 1846 844 1879 coni.
868 1846 1044 1881 Erasmus.
1071 1845 1154 1882 Vid.
1179 1848 1294 1882 Bentl.
