1526 2404
545 162 783 191 senonim
812 162 899 190 ms.
927 149 957 190 1.
985 155 1024 199 4.
1396 152 1448 196 31

127 255 360 309 Cau-‘pentes
387 255 470 296 iter
497 263 541 296 et
566 254 727 295 factum
755 255 997 310 corruptius
1024 253 1162 295 imbri.
1399 257 1455 311 96

123 308 304 348 Postera
327 315 555 362 tempestas
582 309 756 359 melior,
786 309 855 348 via
880 309 1004 362 peior
1030 307 1219 368 adusque

71 375 74 378 ’
124 361 226 400 Bari
249 361 417 400 moenia
441 361 607 414 piscosi.
635 362 747 401 Dein
773 361 922 400 Gnatia
948 359 1148 414 Lymphis

123 413 242 454 Iratis
270 421 479 454 exstructa
507 413 625 453 dedit
650 414 843 469 risusque
868 413 1098 475 iocosque,

124 467 240 506 Dum
266 464 432 506 flamma
460 466 549 506 sine
570 465 695 507 thura
721 467 752 506 li
813 479 961 506 escere
988 466 1132 505 hmine
1159 477 1281 506 sacro

124 518 391 559 Persuadere
424 519 552 572 cupit.
582 519 738 559 Credat
753 481 941 560 (liidaeus
969 519 1143 572 Apella,
1378 531 1454 559 ιοο

125 573 222 612 Non
249 584 356 632 ego3
382 585 563 633 namq-ue
591 572 710 612 Deos
737 571 864 612 didici
899 585 1095 612 securum
1123 584 1253 626 agere
1278 583 1455 624 aem,

125 625 240 674 Nec,
269 637 305 662 si
330 623 434 678 quid
460 624 556 664 miri
581 623 709 664 saciat
732 632 903 675 natura,
931 626 1050 664 Deos
1079 623 1125 663 id

130 677 292 716 Tristes
314 689 368 715 ex
394 677 479 716 alto
507 677 616 717 coeli
648 677 872 717 demittere
905 685 1033 717 tecto.

126 728 412 770 Brundusium
435 730 589 785 longae
614 728 706 770 finis
733 730 990 786 chartaeque
1012 729 1204 787 viaeque.

576 838 597 850 ’ῃ
638 831 824 898 'SA-rma
851 856 923 901 VL

196 953 311 986 Poeta
333 959 459 987 noster
479 960 669 999 postquam
694 962 730 988 et
748 956 1007 998 familiaritate,
1032 967 1137 999 quam
1152 967 1233 989 cum
1246 955 1456 990 Maecenate

128 996 252 1030 hahuit
278 1004 315 1030 et
330 998 518 1032 Luciliano
544 1001 729 1032 satirarum
753 1011 883 1043 genere
910 1001 1029 1034 denuo
1054 1012 1075 1033 a
1096 1012 1133 1033 se
1156 1002 1350 1033 instaurato
1365 1002 1457 1033 mul-

129 1042 290 1074 titudinis
314 1043 350 1074 in
374 1054 412 1076 sc
438 1045 565 1078 oculos
585 1051 834 1085 converterat,
866 1045 942 1078 fieri
967 1057 1040 1079 non
1059 1047 1206 1090 potuit,
1241 1046 1348 1088 quin,
1374 1057 1458 1078 cum

129 1088 268 1120 nonnisi
291 1097 464 1131 perquam
487 1090 594 1132 pauci
617 1095 678 1122 aut
699 1091 814 1134 ipsum
833 1096 893 1122 aut
911 1092 1129 1123 Maecenatis
1148 1092 1185 1122 in
1200 1101 1281 1122 eum
1300 1091 1457 1122 animum

128 1133 330 1164 accuratius
354 1133 642 1177 introspicerem,
666 1145 687 1166 a
713 1135 875 1179 plurimis
897 1146 987 1168 unus
1010 1146 1054 1168 ex
1069 1137 1144 1173 istis
1158 1135 1362 1177 vulgaribus
1381 1135 1457 1167 for-

129 1180 237 1209 tunae
257 1175 340 1209 filiis
359 1175 575 1219 haberetur,
600 1180 724 1222 quales
753 1185 837 1223 post
858 1180 1015 1212 civilium
1040 1181 1312 1213 conversionum
1333 1180 1457 1212 turbas

129 1226 168 1254 et
190 1221 226 1253 in
248 1219 317 1254 liae
338 1221 640 1255 nobilissimarum
665 1224 881 1256 familiarum
906 1226 1008 1256 ruina
1027 1236 1048 1257 a
1062 1226 1211 1257 civitatis
1231 1224 1383 1257 dominis
1397 1230 1459 1257 aut

131 1275 382 1310 oppressarum
410 1272 471 1298 aut
495 1267 748 1301 derelictamm
771 1269 870 1311 larga
895 1270 1001 1313 copia
1031 1270 1317 1313 pullulaverant,
1350 1275 1457 1312 atque

130 1311 191 1353 qui
213 1321 320 1354 prava
342 1311 537 1344 ambitione
556 1318 591 1344 et
606 1314 701 1345 mala
714 1313 905 1346 sedulitate
926 1315 963 1345 in
978 1314 1253 1346 familiaritatem
1267 1315 1458 1347 Maecena-

129 1355 174 1386 tis
197 1355 420 1399 irrepsisset,
438 1362 477 1388 ut
497 1355 653 1389 honores
673 1363 709 1390 et
730 1369 817 1402 opes
838 1364 1039 1390 venaretur.
1060 1358 1169 1401 Atqui
1184 1358 1350 1390 adversus
1365 1358 1457 1392 hanc

130 1400 243 1443 ipsam
262 1400 437 1432 sinistram
453 1400 499 1434 de
511 1412 550 1433 se
566 1403 807 1446 suspicionem
822 1408 857 1434 et
872 1401 1055 1435 hominum
1069 1409 1129 1435 aut
1144 1404 1378 1446 ignorantiam
1396 1409 1458 1436 aut

129 1444 418 1476 malevolentiam
440 1444 499 1478 hic
522 1456 641 1479 sermo
665 1449 890 1492 conscriptus
905 1458 982 1480 esse
997 1448 1103 1480 nohis
1117 1448 1267 1480 videtur.
1293 1448 1458 1480 Genero-

131 1498 189 1520 sus
213 1489 306 1521 enim
321 1495 431 1533 poeta
447 1491 584 1523 virtutis
606 1502 690 1524 suae
709 1492 777 1524 sibi
797 1494 962 1525 conscius
977 1498 1013 1524 et
1029 1493 1243 1536 sapientium
1255 1494 1459 1537 praeceptis

131 1533 201 1565 iam
223 1543 246 1565 a
268 1534 402 1565 teneris
426 1535 525 1566 annis
549 1534 728 1568 honorum
751 1542 787 1568 et
801 1536 1002 1568 divitiarum
1024 1538 1165 1569 inanem
1183 1538 1335 1579 gloriam
1357 1548 1459 1581 sper—

130 1587 218 1609 nere
243 1576 393 1610 edoctus
416 1576 487 1611 hoc
513 1584 549 1611 et
568 1581 769 1613 Maecenati
793 1591 858 1612 suo
884 1587 919 1613 et
944 1581 1012 1613 sibi
1034 1583 1100 1625 ipsi
1125 1581 1274 1623 debuit,
1310 1588 1351 1614 ut
1373 1583 1459 1615 civi-

130 1621 198 1655 bus
221 1622 292 1654 suis
315 1621 599 1664 demonstraret,
632 1635 703 1667 qua
738 1626 876 1657 ratione
909 1626 1129 1658 Maecenatis
1166 1627 1235 1658 sibi
1268 1627 1460 1659 amicitiam

133 1667 405 1707 conciliaverit,
442 1672 479 1699 et
510 1678 616 1710 quam
643 1679 769 1712 parum
804 1679 847 1701 ea
877 1669 923 1701 ad
957 1670 1147 1713 splendida
1180 1671 1215 1702 in
1239 1681 1279 1703 re
1312 1671 1460 1715 publica

131 1721 280 1743 munera
305 1711 508 1753 quaerenda
530 1713 628 1744 abuti
653 1714 773 1745 vellet.
798 1713 886 1745 Inde
912 1714 1018 1755 igitur
1041 1715 1101 1748 hic
1122 1725 1240 1747 sermo
1265 1722 1367 1748 natus
1393 1723 1458 1757 est,

134 1756 172 1788 in
196 1767 267 1799 quo
293 1756 430 1788 nescias
450 1761 569 1787 utrum
602 1758 711 1799 magis
746 1757 955 1790 admiranda
987 1759 1209 1792 sit'dicendi
1244 1760 1392 1793 libertas
1424 1767 1460 1793 et

133 1810 327 1843 generosus
352 1805 483 1843 poetae
508 1810 629 1833 coram
644 1807 797 1844 patrono
814 1802 971 1843 candor,
997 1814 1042 1835 an
1062 1805 1203 1848 pietatis
1224 1815 1307 1847 erga
1330 1816 1459 1848 paren-

133 1850 207 1877 tem
232 1850 269 1876 et
291 1846 383 1887 grati
409 1845 515 1877 animi
550 1856 672 1877 sensus
705 1847 797 1878 mira
819 1848 852 1878 vi
879 1852 914 1879 et
939 1849 1086 1880 veritate
1110 1859 1309 1892 expressus.
1346 1850 1460 1882 Etiam

133 1887 205 1922 hoc
228 1890 499 1933 prudentissime
524 1895 647 1922 noster
671 1890 768 1931 fecit,
794 1890 893 1934 quod
917 1891 963 1923 ad
979 1894 1225 1926 Maecenatem
1239 1894 1461 1936 potissimum
1492 1927 1499 1931 ,

134 1932 226 1966 hanc
250 1935 393 1965 satiram
417 1934 569 1978 scripsit.
595 1935 649 1965 Ita
674 1935 768 1966 enim
791 1941 827 1967 et
854 1937 1019 1969 omnibus
1044 1949 1135 1980 quae
1162 1943 1283 1969 narrat
1308 1949 1353 1970 eo
1381 1950 1460 1971 cer-

135 1979 266 2010 tiorem
286 1977 395 2010 fidem
419 1979 602 2018 conciliat,
627 1984 663 2010 et
687 1980 829 2010 nimiam
854 1982 980 2013 summi
1004 1983 1109 2014 amici
1133 1981 1401 2023 laudationem,
1424 1985 1459 2016 in

136 2033 242 2066 quam
261 2023 422 2066 alioquin
436 2023 603 2055 aberrare
621 2029 776 2066 poterat,
798 2023 1002 2057 felicissime
1017 2026 1151 2069 effugit.
1175 2025 1340 2068 Accedit,
1360 2028 1461 2070 quod

135 2067 339 2100 Maecenati
373 2068 507 2112 procul
531 2067 643 2099 dubio
667 2074 871 2112 pergratum
895 2070 1050 2113 accidit,
1084 2077 1126 2104 ut
1149 2070 1195 2104 de
1220 2081 1305 2104 vera
1326 2073 1460 2105 nobili-

138 2207 185 2217 —
204 2202 242 2225 v.
264 2202 324 2236 97.
348 2192 442 2226 Dein
464 2193 580 2227 Bentl.
605 2205 624 2228 e
651 2191 771 2228 Codd.
792 2194 899 2238 vulg.
922 2193 1055 2229 dehac.
