1526 2404
143 159 216 202 ¹7⁰
531 153 543 156 “
590 159 631 204 Q·
658 160 842 190 noun-n
867 160 1024 191 rmum

134 255 314 297 visuros
344 262 522 310 peccata
549 261 696 309 putem
721 269 838 305 mea,
864 262 980 297 tutus
1006 265 1052 300 et
1074 258 1183 299 intra

131 308 163 348 S
196 322 263 350 em
291 309 438 350 veniae
467 316 635 350 cautus:
662 309 791 350 vitavi
819 309 1003 365 denique
1028 311 1217 366 eulpam,

133 323 229 403 Nion
255 362 424 402 laudem
451 362 601 402 merui.
630 363 720 406 Vos
748 363 1001 417 exemplaria
1027 364 1192 406 Graeca

133 417 352 456 Nocturna
381 424 549 456 versate
576 430 724 466 manu,
751 424 916 457 versate
946 417 1107 458 diurna.
1306 464 1311 474 s

132 468 191 509 At
221 469 356 509 vestri
380 469 532 522 proavi
557 469 774 510 Plautinos
803 478 848 510 et
873 484 1072 512 numeros
1101 479 1145 512 et
1385 483 1465 525 270

130 522 382 563 Laudavere
410 523 531 563 sales.
559 523 742 562 Nimium
771 525 984 586 patienter
1011 533 1266 579 utrumque,
1289 533 1291 535 '

129 576 194 615 Ne
223 575 359 615 (licam
386 576 536 626 stulte,
565 576 729 626 mirati3
759 591 795 616 ει
823 575 951 618 modo
982 591 1065 632 ego
1094 586 1139 619 et
1168 591 1245 618 vos

132 628 295 670 Scimus
323 628 575 669 inurbanum
603 629 747 684 lepido
778 643 988 685 seponere
1017 631 1158 682 dicto,

129 682 471 738 Legitimumque
498 697 649 723 sonum
677 683 817 745 digitis
847 684 1045 725 callemus
1077 693 1121 725 et
1150 697 1267 725 aure.

128 736 326 789 Ignotum
353 736 539 789 tragicae
566 750 700 790 genus
730 737 936 779 mvenisse
965 739 1171 778 Camenae
1386 750 1437 791 27

131 789 303 828 Dicitur
332 798 375 830 et
403 790 600 843 plaustris
630 788 794 830 vexisse
822 793 1021 844 poemata
1052 791 1258 845 Thespis,

128 841 253 936 guae
285 852 484 883 canerent
513 851 773 897 agerentque
791 845 991 898 peruncti
1021 843 1214 897 faecibus
1242 857 1330 885 ora.

168 904 234 936 ost
263 895 376 936 hunc
402 910 612 950 personae
640 897 862 953 pallaeque
891 912 940 938 re
971 906 1091 939 ertor
1117 897 1321 939 honestae

129 948 365 1001 Aeschylus
395 958 439 990 et
464 950 642 990 modicis
667 950 859 991 instravit
884 965 944 1005 pu
959 952 1047 1006 pita
1074 949 1225 1002 tionis,
1449 981 1454 988 .

128 1003 187 1042 Et
215 1003 360 1043 docuit
387 1017 670 1059 magnumque
695 1003 816 1059 loqui
841 1004 1002 1060 nitique
1032 1014 1104 1045 cot
1134 1018 1257 1046 urn0.
1387 1006 1464 1045 280

130 1055 345 1095 Successit
375 1065 496 1096 vetus
523 1057 587 1095 his
618 1057 862 1109 comoedia,
891 1073 977 1099 non
1005 1055 1107 1098 sine-
1124 1059 1254 1098 multa

127 1109 299 1161 Laude3
331 1110 473 1149 sedin
503 1110 646 1151 vitium
674 1110 846 1151 libertas
876 1111 1055 1162 excidit,
1080 1119 1126 1151 et'
1151 1108 1238 1152 vim

125 1162 309 1215 Dignam
338 1162 434 1202 leve
461 1162 566 1216 regi.
595 1165 686 1205 Lex
716 1172 780 1203 est
811 1173 1009 1218 accepta,
1039 1162 1283 1220 chorusque

126 1215 330 1276 Turpiter
362 1193 565 1266 oliticuim
597 1217 762 1255 sublato
793 1216 887 1256 iure
918 1215 1111 1257 nocendi.

125 1269 194 1309 Nil
225 1277 473 1308 intentatum
500 1268 635 1309 nostri
663 1269 829 1323 liquere
859 1272 1038 1323 poetam
1383 1271 1462 1312 285

126 1323 216 1362 Nec
246 1322 461 1362 minimum
489 1334 686 1362 meruere
720 1322 875 1372 decus,
903 1323 1081 1377 vestigia
1111 1322 1274 1363 Graeca

124 1375 231 1414 Ausi
261 1374 487 1427 deserere,
520 1383 564 1415 et
591 1373 811 1415 celebrare
840 1374 1073 1416 domestica
1102 1375 1240 1427 facta,

126 1428 210 1470 Vel
239 1428 311 1483 qui
339 1436 604 1481 praetextas,
633 1428 702 1468 vel
732 1429 806 1483 qui
835 1428 1023 1470 docuere
1052 1437 1232 1484 togatas.

126 1482 216 1521 Nec
245 1481 405 1522 virtute
433 1479 552 1522 foret
581 1481 758 1531 clarisve
789 1482 1005 1536 potentius
1037 1477 1186 1533 armis,

124 1534 268 1663 Quam
296 1535 459 1589 lingua,
487 1535 676 1586 Latium,
709 1533 743 1574 si
771 1549 854 1575 non
886 1534 1130 1577 offenderet
1160 1549 1309 1576 unum·
1381 1548 1459 1588 290

1439 738 1465 779 m

170 1602 266 1627 uem
301 1602 354 1628 ue
382 1591 607 1642 poetarum
636 1588 760 1628 limae
788 1589 910 1629 labor
940 1598 983 1630 et
1013 1603 1144 1630 mora.
1173 1589 1287 1638 Vos,
1316 1603 1342 1628 o

123 1643 144 1681 l
163 1655 261 1694 omp
296 1655 359 1680 1us
387 1642 577 1696 sanguiS‚
611 1655 780 1682 carmen
808 1642 1134 1696 reprehendite,
1162 1643 1279 1699 quod
1307 1656 1391 1682 non

123 1695 258 1734 Multa
287 1695 376 1734 dies
407 1704 450 1735 et
478 1694 608 1735 multa
636 1695 763 1734 litura
793 1697 1008 1746 coercuit,
1035 1706 1162 1752 atque

126 1749 406 1788 Praeseetum
433 1748 575 1789 decies
606 1761 692 1789 nou
719 1749 941 1804 castigavit
970 1750 1022 1790 ad
1053 1764 1251 1806 unguem.
1277 1782 1279 1784 .
1309 1805 1314 1809 ι

124 1870 212 1903 leius
238 1872 358 1906 locum
382 1881 400 1902 e
419 1868 534 1902 Codd.
551 1872 756 1905 restitutum
777 1871 1063 1916 interpunctione
1084 1869 1230 1903 adiuvit.
1244 1871 1340 1903 Olim
1361 1872 1452 1913 vulg.

123 1927 173 1946 nn
197 1927 325 1947 omnes.
350 1910 422 1948 Fea
445 1922 479 1947 et
501 1927 619 1948 omnes
645 1919 773 1951 merito
796 1929 816 1950 a
836 1916 962 1950 Bothio
988 1916 1024 1948 in
1044 1915 1228 1948 Annotntt.
1255 1917 1453 1959 castigatum

123 1960 294 2004 Doering.
321 1971 341 1993 a
363 1959 479 1993 verbis
502 1960 692 1995 Iden-cone
727 1973 837 2006 vaget·
871 1963 1071 1994 orationem
1106 1961 1292 1994 continuat
1315 1966 1349 1994 et
1373 1966 1455 2004 post

123 2013 253 2038 cautus
277 2005 422 2038 demum
445 2006 687 2050 interrogandi
713 2009 850 2051 signum
867 2006 987 2060 aaddst·
1013 2025 1056 2031 —
1089 2016 1127 2038 v.
1159 2016 1239 2049 270.
1267 2008 1314 2038 At
1347 2005 1457 2037 vestri

123 2051 236 2083 maior
250 2050 364 2084 Codd.
391 2061 483 2095 pars,
509 2052 573 2084 sed
595 2052 688 2085 haud
703 2053 805 2097 pauci
822 2053 954 2084 nostri.
968 2051 1022 2084 Cf.
1035 2050 1156 2084 Bentl.
1172 2071 1215 2079 --
1227 2061 1264 2082 υ.
1280 2060 1320 2093 27
1328 2058 1359 2084 2.
1378 2061 1454 2082 non

123 2093 240 2128 ‹It'cam
263 2095 353 2128 Cod.
379 2107 469 2127 unus
491 2097 584 2130 Fene
611 2099 701 2131 alter
725 2097 854 2131 Achill.
880 2096 995 2129 Statii.
1020 2114 1065 2122 -—-
1087 2106 1125 2128 v.
1151 2105 1228 2140 277.
1255 2096 1330 2138 Qui
1347 2106 1450 2127 clenc-

124 2148 201 2173 rent
222 2141 333 2174 Bentl.
360 2142 577 2174 coniectura.
605 2143 658 2175 Cf.
686 2143 835 2176 Gesner.
862 2159 907 2167 —-
928 2152 965 2174 υ.
992 2141 1068 2184 294.
1092 2147 1315 2186 praesectum
1338 2139 1452 2172 decit-s

124 2186 285 2218 Lambin.
309 2187 505 2227 Bentleius,
533 2199 636 2229 quem
661 2188 742 2220 Vid.
771 2199 791 2222 e
817 2187 934 2221 Codd.
957 2186 1029 2219 Sed
1043 2188 1147 2228 longe
1166 2185 1308 2230 plurimi
1333 2184 1450 2220 Codd.

123 2230 320 2276 perfectum
341 2231 450 2276 idque
474 2233 630 2266 restituit
652 2234 723 2266 Fen
738 2257 748 2275 ‚
773 2244 877 2277 quem
901 2231 958 2266 Cs.
984 2243 1065 2265 cum
1088 2230 1191 2264 Both.
1213 2237 1249 2264 et
1273 2229 1372 2264 Iahn.
