1526 2404
155 132 211 174 88
607 144 648 187 Q.
674 144 859 172 nonunt
885 143 1044 172 rucei

159 239 200 280 O
221 242 388 294 quando
416 233 515 277 faba
541 235 809 291 Pythagorae
833 249 883 276 co
916 246 1032 289 nata,
1061 238 1268 306 simulque

155 293 292 332 Uncta
319 291 417 331 satis
445 290 592 343 pingui
618 298 831 343 ponentur
860 304 884 329 o
902 291 1048 330 uscula
1072 292 1224 331 lardo?

157 345 198 386 O
218 353 366 384 noctes
393 356 638 397 coenaeque
658 342 820 382 Deam!
849 343 999 398 quibus
1024 344 1138 398 ipse,
1165 346 1359 399 meique,
1432 345 1485 387 65

158 399 270 438 Ante
298 398 430 436 larem
457 396 679 450 proprium
710 410 881 447 vescor,
911 410 1058 436 vernas
1120 412 1144 437 e
1165 412 1370 452 procaces

131 453 290 490 -Pasco
319 449 455 489 libatis
486 448 674 502 dapibus.
705 450 842 489 Prout
869 449 1022 504 cuique
1047 451 1077 490 li
1107 451 1178 491 ido
1209 459 1296 504 est,

157 505 298 543 Siccat
324 502 562 557 inaequales
593 501 742 541 calices
772 502 950 543 conviva
973 503 1134 544 solutus

154 557 341 610 Legibus
369 555 543 605 insanis,
573 569 650 594 seu
676 555 767 609 quis
796 556 907 609 capit
936 557 1046 596 acria
1073 557 1199 597 fortis

155 610 340 660 Pocula,
369 622 446 648 seu
472 608 649 647 modicis
681 609 846 648 uvescit
872 609 1034 649 laetius.
1074 611 1135 649 Er
1167 624 1192 650 o
1431 623 1485 663 70

157 663 308 702 Sermo
341 662 476 701 oritur
504 675 588 700 non
616 661 670 701 de
700 661 808 701 villis
838 661 1088 703 domibusve
1118 678 1140 702 a
1158 663 1286 715 ienis,
1327 701 1331 704 ,

154 717 267 765 Nec,
289 716 399 754 male
418 727 551 754 necne
570 715 712 768 Lepos
733 714 876 764 saltet,
901 715 1000 765 sed,
1022 716 1139 770 quod
1157 717 1287 771 magis
1309 715 1363 755 ad
1378 729 1457 756 nos

155 769 350 808 Pertinet
373 776 416 807 et
434 767 600 806 nescire
622 768 777 807 malum
800 776 887 818 est,
916 783 938 807 a
970 769 1142 809 itamusz
1169 777 1366 809 utrumne

153 822 323 861 Divitiis
350 820 541 859 homines
571 834 622 858 an
649 820 730 859 sint
759 820 917 861 virtute
942 782 1083 873 {eatigz

156 875 328 929 Quidve
350 873 403 912 ad
433 873 653 922 amicitias,
681 887 780 913 usus
810 883 1052 925 rectumne,
1078 874 1217 914 trahat
1245 889 1320 915 nos
1330 889 1345 927 3
1432 875 1486 928 75

155 930 213 967 Et
242 941 350 982 quae
379 927 431 965 sit
458 935 607 965 natura
633 926 733 965 boni
758 941 1051 982 summumque
1080 927 1182 982 quid
1213 927 1319 970 eius.

157 981 335 1020 Cervius
363 980 469 1018 haec
497 980 607 1018 inter
632 979 792 1018 vicinus
823 981 954 1032 garrit
985 981 1113 1020 aniles

155 1035 221 1072 Ex
248 1043 297 1072 r'e
325 1032 517 1072 fabellas.
556 1032 601 1071 Si
631 1032 722 1086 quis
752 1046 844 1071 nam
873 1033 1015 1072 laudat
1044 1033 1183 1073 Arelli

156 1086 365 1125 Sollicitas
393 1086 563 1139 ignarus
593 1088 720 1137 opes»,
750 1086 808 1124 sic
836 1085 1001 1139 incipit:
1033 1086 1148 1126 Olim

155 1139 356 1177 Rusticus
383 1138 591 1176 urbanum
618 1151 783 1176 murem
811 1152 902 1177 mus
945 1153 1121 1191 Jaupere
1148 1139 1291 1179 fertur
1432 1140 1486 1180 80

153 1191 384 1244 Accepisse
414 1203 541 1238 cave,
571 1197 760 1229 veterem
791 1199 911 1229 vetus
931 1154 1093 1244 lhospes
1123 1193 1323 1244 amicum3

153 1244 294 1296 Asper
325 1251 367 1282 et
396 1250 576 1281 attentus
606 1242 827 1295 quaesitis,
855 1251 902 1281 ut
928 1251 1067 1283 tamen
1100 1252 1260 1284 arctum

156 1297 357 1336 Solveret
383 1294 574 1348 hospitiis
606 1294 798 1333 animum.
830 1295 944 1355 Quid
974 1296 1134 1335 multa?
1166 1311 1306 1353 neque
1333 1299 1406 1338 ille

155 1349 341 1402 Sepositi
369 1347 516 1387 ciceris
546 1360 625 1386 nec
651 1347 804 1400 longae
829 1347 980 1399 invidit
1000 1363 1182 1400 avenae3

153 1402 333 1441 Aridum
362 1409 508 1440 et-ore
537 1399 680 1438 ferens
713 1400 875 1438 acinum
903 1414 1150 1456 semesaque
1181 1402 1289 1443 lardi
1429 1404 1484 1445 85

153 1455 309 1494 Frusta
340 1453 478 1502 dedit7
508 1452 681 1504 cupiens
711 1453 823 1491 varia
854 1454 1020 1492 fastidia
1050 1469 1182 1494 coena

154 1508 339 1548 Vincere
366 1505 573 1558 tangentis
604 1505 712 1543 male
740 1506 903 1559 singula
932 1507 1058 1547 (lente
1088 1507 1296 1560 superbo:

155 1560 300 1615 Quum
328 1567 449 1612 pater
479 1559 569 1610 ip'se
603 1557 752 1597 domus
784 1560 906 1611 palea
933 1569 1156 1612 porrectus
1185 1561 1226 1599 iu
1245 1561 1380 1600 horna

152 1615 282 1652 Esset
309 1612 413 1650 ador
442 1611 698 1664 loliumque,
729 1612 844 1664 dapis
872 1613 1049 1652 meliora
1076 1614 1329 1667 relinquens.

154 1665 342 1706 Tandem
357 1664 541 1703 urbanus
556 1663 752 1703 adhunc:
771 1664 886 1721 Quid
902 1672 945 1704 te
960 1666 1088 1715 iuvat,
1107 1666 1254 1720 inquit,
1274 1666 1419 1717 amice,
1430 1678 1483 1719 9ο

152 1717 380 1770 Praerupti
408 1717 591 1756 nemoris
620 1717 852 1769 patientem
888 1717 1030 1762 vivere
1060 1718 1218 1758 dorso?

152 1772 236 1812 Vis·
256 1779 304 1810 tu
332 1770 524 1809 homines
554 1769 790 1823 urbemque
815 1770 919 1809 seris
939 1785 1206 1824 praeponere
1233 1770 1378 1810 silvis?

154 1826 294 1878 Carpe
321 1824 453 1873 viam,
481 1822 583 1861 mihi
611 1823 762 1874 crede,
792 1837 958 1874 comes,
987 1825 1206 1863 terrestria
1234 1823 1401 1879 quando

151 1975 197 1982 —
229 1968 265 1988 v.
285 1956 341 1998 67.
366 1954 515 2000 dapibus
527 1967 537 1984 .·
570 1966 668 1996 cnm,
695 1963 736 1986 nt
757 1955 882 1998 cuique
905 1954 960 1986 lib.
987 1955 1101 1987 Bentl.
1129 1966 1168 1987 ex
1193 1965 1264 1986 uno
1292 1953 1479 1987 Cod.Vid.

151 2001 277 2034 Heind.
302 2019 346 2025 —
387 2012 422 2032 v.
445 2010 497 2042 70.
524 1999 692 2032 humescit
717 1999 779 2030 Ed.
808 2001 993 2040 Glareani,
1021 2001 1155 2042 aliquot
1179 2000 1339 2031 aliac.—
1363 2011 1397 2031 v.
1425 2000 1479 2041 78.

151 2047 204 2079 Ita
227 2047 333 2088 longe
355 2046 495 2088 plurimi
513 2045 628 2076 Codd.
654 2044 724 2076 Sed
737 2045 910 2087 plurimae
925 2044 1014 2075 Edd.
1030 2050 1112 2076 vett.
1139 2055 1220 2075 narn
1244 2045 1379 2088 siquis.
1397 2044 1478 2075 vid.

152 2091 269 2123 Bentl.
294 2096 330 2122 et
355 2091 439 2121 Fea.
465 2109 510 2114 —-
531 2101 566 2121 ν.
593 2091 647 2122 83.
672 2089 728 2121 ille
751 2089 867 2121 Bentl.
894 2100 912 2121 e
939 2090 1098 2132 plurimis
1123 2088 1238 2120 Codd.
1266 2100 1370 2132 quem
1395 2087 1478 2120 Vid.

152 2136 251 2167 Olim
273 2136 363 2177 vulg.
384 2134 447 2166 illi.
474 2135 529 2166 Cf.
556 2134 679 2167 lleind.
703 2152 750 2159 —-
783 2145 818 2166 v.
836 2143 893 2176 92.
922 2134 969 2166 vis
992 2142 1031 2166 tu
1051 2144 1070 2166 e
1092 2132 1209 2174 Codd.
1232 2133 1348 2166 Bentl.
1372 2144 1478 2177 quem

151 2179 236 2213 Vid.
262 2180 357 2212 Olim
376 2181 500 2223 vulgo:
519 2178 595 2212 ‘vin'
614 2181 666 2213 ιὶι.
