1526 2404
153 169 229 217 ¹40
551 213 554 216 .
599 175 641 222 Q.
667 173 854 203 nonunt
879 173 1037 204 FLAccx
1076 193 1081 201 «

147 271 244 312 Non
275 283 380 325 ego,
411 268 616 323 nobilium
647 268 906 325 scriptorum
939 269 1108 323 auditor
1138 277 1182 311 et
1211 270 1352 325 ultor,

149 325 452 364 Grammaticas
479 323 639 362 ambire
670 322 808 362 tribus
842 330 886 363 et
915 323 1078 377 pulpita
1109 323 1291 378 dignor:
1422 331 1478 376 4ο

147 377 259 418 Hinc
290 377 386 417 illae
418 376 628 416 lacrimae.
684 376 835 429 Spissis
866 376 1031 430 indigna
1060 377 1235 418 theatris

150 431 325 486 Scripta·
349 431 484 484 pudet
513 429 718 480 recitare,
753 439 796 471 et
827 430 947 484 nugis
979 429 1136 470 addere
1166 431 1354 486 ponduS,

150 485 195 523 Si
230 483 334 525 dixi:
367 484 521 534 Rides,
554 483 632 533 ait,
666 491 710 523 et
740 484 850 525 Iovis
883 483 1054 523 auribus
1085 483 1164 524 ista

149 538 327 589 Servas3
359 537 452 576 fidis
485 536 594 576 enim
625 551 792 578 manare
825 537 994 591 poe'tica
1024 536 1149 577 mella

149 593 212 632 Te
245 592 403 641 solum,
435 589 513 630 tibi
543 589 736 645 pulcher.
779 591 848 631 Ad
879 589 983 630 haec
1016 604 1096 645 ego
1128 590 1300 632 naribus
1328 591 1393 634 uti
1422 594 1476 643 45

146 645 185 684 F
189 645 377 696 ormido3
411 652 455 684 et
484 643 678 684 luctantis
711 653 836 686 acuto
866 657 920 682 ne
952 657 1074 684 secer
1103 644 1256 698 ungui,

149 697 360 753 Displicet
391 698 472 737 iste
504 698 645 746 locus,
680 697 835 749 clamo,
869 705 913 738 et
945 696 1100 738 diludia
1127 711 1277 751 posco.

147 753 293 792 Ludus
327 750 436 791 enim
468 751 612 805 genuit
642 751 855 804 trepidum
888 759 1100 791 certamen
1131 758 1175 791 et
1204 751 1334 810 iram,

148 806 214 845 Ira
241 814 386 846 truces
412 804 645 845 inimicitias
672 811 715 844 et
745 803 927 844 funebre
953 804 1127 845 bellum.
1185 836 1187 839 -

646 997 859 1026 ErxsronA
891 983 985 1024 XX.

551 1074 631 1113 AD
664 1075 881 1119 LIBRUM
912 1074 1076 1118 SUUM,

215 1156 324 1201 Quod
348 1169 443 1192 nunc
468 1159 543 1192 fere
566 1166 695 1203 poetae
719 1160 837 1192 facere
861 1161 998 1200 solent,
1033 1164 1071 1191 ut
1104 1158 1321 1193 carminibus
1345 1161 1416 1192 suis
1438 1160 1475 1193 in

148 1204 268 1246 vulgus
295 1204 490 1247 prodituris
514 1205 734 1248 praeludunt,
760 1214 871 1246 eaque
897 1203 1135 1247 peculiaribus
1164 1204 1321 1237 versibus
1350 1215 1475 1248 agmen

149 1248 359 1281 ducentibus
384 1248 633 1282 commendent
655 1250 818 1289 lecturis,
844 1247 881 1296 id
906 1249 1089 1279 Horatium
1114 1249 1150 1279 in
1169 1249 1396 1292 epistolarum
1413 1262 1474 1283 vo-

146 1294 279 1326 lumine
304 1294 416 1337 priori
440 1293 579 1328 edendo
607 1293 671 1326 hac
694 1300 847 1326 extrema
871 1293 1019 1337 epistola
1038 1293 1154 1325 facere
1174 1293 1340 1328 videmus.
1366 1295 1472 1328 Allo-

149 1339 267 1382 quitur
292 1339 339 1370 ibi
364 1339 517 1380 librum,
545 1344 597 1380 et,
619 1345 657 1370 ut
682 1339 828 1371 Gesneri
855 1338 968 1370 verbis
986 1343 1082 1378 utar,
1105 1337 1170 1370 sub
1188 1339 1331 1374 satirica
1352 1346 1388 1374 et
1406 1339 1473 1373 hu-

147 1385 222 1416 mili
248 1385 366 1428 specie
391 1384 477 1418 dicit
501 1383 559 1416 hie
582 1395 654 1416 non
679 1384 840 1426 minora,
869 1395 975 1427 quam
1001 1383 1118 1415 Carm.
1142 1383 1213 1426 111,
1235 1386 1291 1419 30.

147 1459 429 1501 Vertumnum
461 1459 710 1514 Ianumque,
741 1458 877 1508 liber,
904 1467 1099 1512 spectare
1126 1458 1309 1510 videris,

149 1512 322 1552 Scilicet
349 1520 398 1551 ut
427 1521 594 1566 prostes
629 1512 846 1553 Sosiorum
874 1513 1042 1565 pumice
1074 1513 1267 1551 mundus.

149 1565 289 1605 Odisti
321 1565 483 1615 claves,
517 1573 559 1604 et
595 1573 712 1620 grata
740 1565 878 1619 sigilla
899 1566 1080 1618 pudic03

147 1618 298 1658 Paucis
327 1619 490 1658 ostendi
523 1620 675 1673 gemis,
711 1626 754 1658 et
786 1620 1021 1658 communia
1053 1617 1217 1669 laudas,

147 1673 242 1711 Non
274 1672 330 1711 ita
356 1672 551 1711 nutritus.
608 1674 728 1727 Fuge
762 1686 847 1726 quo
881 1672 1138 1712 descendere
1170 1672 1319 1724 gestis,
1445 1673 1474 1713 5

146 1727 241 1764 Νοη
273 1725 354 1764 erit
385 1725 536 1766 emisso
569 1726 730 1766 reditus
761 1726 851 1764 tihi.
907 1725 1022 1782 Quid
1046 1725 1172 1764 miser
1200 1725 1298 1779 egi?

149 1778 264 1833 Quid
295 1777 439 1819 volui?
473 1779 609 1830 dices,
641 1780 715 1819 ubi
749 1779 841 1833 quis
873 1786 916 1818 te
949 1778 1138 1828 laeserit3
1171 1785 1216 1817 et
1246 1778 1327 1818 scis

147 1832 192 1870 ln
223 1831 356 1872 breve
386 1838 431 1870 te
464 1833 580 1886 cogi,
613 1847 743 1887 quum
774 1833 922 1885 plenus
953 1831 1124 1886 languet
1155 1838 1326 1872 amator.

148 1991 192 1998 —
214 1984 253 2004 v.
278 1974 334 2015 39.
360 1971 507 2005 adiutor
531 1980 564 2004 et
587 1974 686 2007 ultor·
709 1973 823 2006 Codd.
842 1974 976 2018 aliquot
990 1974 1081 2006 Feae
1100 1977 1135 2005 et
1155 1972 1245 2005 Coll.
1266 1971 1344 2003 Sat.
1362 1978 1469 2003 actor·

146 2028 213 2063 pro
238 2017 338 2050 ultor
362 2018 452 2050 Cod.
475 2019 635 2052 Lambin.
662 2020 743 2053 vid.
767 2020 877 2053 Bentl.

215 2064 303 2103 XX,
327 2074 365 2095 v.
392 2065 425 2096 5.
449 2062 659 2097 descendet-e
682 2066 834 2097 correxit
860 2064 1060 2104 Bentleius,
1084 2071 1190 2106 quem
1214 2059 1298 2094 Vid.
1313 2071 1332 2092 e
1350 2059 1466 2094 Codd.

109 2110 117 2118 ‘
149 2113 183 2140 et
207 2107 271 2140 Ed.
297 2108 471 2152 principe.
497 2109 648 2152 Vulgata
677 2110 784 2142 lectio
814 2115 886 2141 erat
912 2106 1105 2141 discedere.
1133 2124 1175 2130 —-
1195 2115 1233 2136 v.
1260 2115 1292 2147 7.
1316 2105 1399 2150 quis
1433 2112 1467 2138 te

149 2163 270 2185 omnes
295 2153 369 2186 sere
394 2153 482 2185 Edd.
509 2160 588 2186 vett.
616 2161 650 2187 et
675 2155 773 2186 multi
798 2153 915 2187 codd,
940 2164 1028 2198 quos
1053 2155 1235 2185 enumerat
1255 2151 1342 2191 Fea;
1376 2149 1470 2195 quid

136 2205 180 2230 'ze
206 2200 317 2230 Bentl.
342 2209 421 2231 cum
446 2210 568 2241 magna
592 2205 693 2243 parte
719 2198 835 2231 Codd.
859 2219 901 2225 -—
925 2210 962 2230 v.
986 2198 1018 2231 8.
1043 2197 1168 2241 plenus
1193 2206 1272 2227 cum
1297 2195 1406 2242 Bentl.
1424 2205 1466 2229 ex

152 2251 223 2277 uno
249 2243 340 2277 Cod.
362 2244 518 2289 itemque
545 2243 616 2278 duo
641 2244 755 2278 Codd.
776 2245 879 2277 Feac.
906 2242 976 2278 Sed
1002 2243 1057 2276 Cf.
1082 2241 1181 2274 lalm.
