1526 2404
439 179 667 207 mmmm!
700 180 785 206 mn.
815 166 891 216 ΙΙΙ,
923 178 980 204 12.

54 268 154 316 Non*
175 286 343 328 semper
368 271 479 312 idem
501 270 678 311 floribus
707 279 772 310 est
802 270 939 309 honor

53 327 227 379 Vernis3
253 339 393 380 neque
424 338 509 364 uno
543 326 662 364 Luna
696 323 852 363 rubens
879 322 986 362 nitet

106 381 261 424 Vultu:
289 378 391 441 quid
419 378 607 418 aeternis>
622 377 826 416 minorem

161 432 352 474 Consihis
378 431 559 471 animum
595 429 778 484 fatigas?

58 509 147 549 Cur
171 522 257 548 nou
285 506 363 547 sub
392 505 475 544 alta
500 505 571 544 vel
596 505 764 559 platano
782 505 853 545 vel
877 503 958 545 hac

54 562 163 602 Pinu
189 562 374 601 iacentes
403 558 462 598 sic
488 566 674 609 temere,
702 567 746 598 et
781 571 879 598 rosa

107 614 242 655 Canos
257 612 422 653 odorati
443 611 637 664 capillos,

159 669 274 708 Dum
299 665 422 715 licet,
444 665 696 720 Assyriaque
715 664 848 704 nardo

53 745 253 784 Potamus
281 738 426 781 uncti?
454 740 639 794 Dissipat
667 740 797 779 Evius

56 798 188 837 Curas
217 795 380 834 edaces.
402 792 514 850 “Quis
537 807 646 846 puer
683 793 799 832 ocius

106 848 358 901 Restinguet
387 847 565 885 ardentis
593 846 762 886 Falerni

162 901 322 941 Pocula
351 907 650 953 praetereunte
679 897 876 952 lympha?

58 975 164 1038 Quis
192 974 362 1015 devium
389 983 575 1015 scortum
605 974 745 1014 eliciet
771 973 899 1012 domo

57 1028 232 1082 Lyden?
261 1028 441 1078 eburna,
471 1027 537 1067 dic
565 1041 665 1082 age,
693 1041 789 1067 cum
814 1027 904 1078 lyra

109 1082 312 1132 Mat-met,
338 1081 380 1120 in
408 1089 593 1120 comtum
618 1082 833 1119 Lacaenae

161 1135 282 1175 More
312 1147 452 1174 comas
485 1133 660 1189 religata
686 1133 855 1173 nodum.

577 1297 764 1336 emam
790 1293 879 1332 ΧΠ.

465 1381 545 1422 AD
577 1376 982 1422 MAECENATEM.

1327 165 1372 204 61

1333 335 1379 362 10

1333 608 1381 649 15

1330 910 1382 938 20

128 1473 172 1507 Se
196 1472 341 1515 Augusti
377 1473 534 1506 victoriis
566 1479 603 1506 et
635 1469 810 1506 eiusmodi
839 1471 946 1504 rebus
978 1470 1195 1513 gravioribus
1226 1470 1381 1505 carmine

62 1511 285 1552 celebrandis
306 1519 495 1562 imparem,
531 1528 671 1551 amores
694 1522 730 1550 et
751 1527 809 1548 res
833 1514 991 1549 ludicras
1011 1515 1106 1548 solas
1127 1526 1269 1553 canere.

523 1608 681 1641 stletrum
703 1595 804 1653 quod
823 1607 855 1641 I.
877 1596 912 1640 ὃ.

61 1684 177 1727 Nolis
201 1683 328 1737 longa
348 1683 441 1723 fera
466 1682 579 1724 bella
614 1684 880 1733 Numantiae,

61 1738 151 1776 Nec
179 1737 316 1776 dirum
343 1737 639 1787 Hannibalem,
667 1750 744 1776 nec
775 1736 961 1776 Siculum
985 1748 1103 1776 mare

63 1791 209 1830 Poeno
234 1804 496 1844 purpureum
523 1790 743 1844 sanguine,
763 1790 958 1829 mollibus

325 1843 474 1898 Aptari
501 1843 681 1883 citharae
700 1843 854 1883 modis:

133 1985 184 2018 XI
196 2009 207 2028 ‚
231 1989 264 2018 r:
280 1983 336 2028 24.
363 1995 478 2016 comas
497 1979 614 2016 Codd.
636 1982 773 2025 aliquot
786 1983 878 2017 Feae
897 1990 933 2017 et
946 1978 1070 2018 Vand.
1085 1975 1228 2026 Vulgo:
1251 1994 1381 2015 comam

66 2031 199 2063 Totum
221 2031 343 2064 locum
362 2029 546 2062 Bentleius
572 2038 591 2060 e
614 2026 709 2061 Cod.
734 2028 889 2071 quodam
913 2031 1079 2061 Torrent-
1106 2029 1155 2060 ita
1178 2029 1380 2062 constituit:

66 2076 250 2110 incomtam
284 2075 464 2108 Lacaenae
496 2084 589 2105 more
622 2083 753 2104 comam
785 2074 934 2118 religata
968 2071 1075 2108 nodo.
1105 2073 1230 2106 Plures
1255 2071 1381 2110 Codd.

67 2121 254 2152 incommm
277 2121 381 2152 unica
403 2129 503 2152 voce.

109 2165 198 2205 ΧΠ,
213 2176 246 2196 v.
262 2175 293 2197 2.
318 2162 431 2196 dirum
447 2162 563 2196 Codd.
580 2163 686 2203 ane,
699 2162 758 2194 alii
774 2167 810 2194 et
818 2163 993 2206 plurimae
1008 2160 1097 2194 Edd.
1122 2158 1378 2196 durumcodd.

24 2257 26 2259 ‚
69 2209 212 2252 plurimi
238 2214 275 2242 et
294 2209 383 2242 Edd.
407 2213 490 2241 vett.
517 2206 710 2243 ennena.
728 2212 765 2239 et
786 2207 870 2241 Fea.
