1526 2404
88 176 141 225 78
529 191 566 230 Q·
597 191 777 219 nomi-ru
807 191 961 219 FLAcct

89 277 259 329 Virtus,
285 281 506 320 recludens
534 282 749 323 immeritis
776 285 885 324 mori

91 331 289 383 Coelum,
315 342 463 387 negata
490 341 620 375 tentat
647 337 728 376 iter
757 338 845 388 via3

143 388 383 441 Coetusque
412 388 605 441 vulgares
632 398 674 430 et
702 390 826 430 udam

195 438 363 492 Spernit
389 439 562 480 humum
591 441 780 498 fugiente
808 457 955 498 penna.

89 517 167 556 Est
194 524 237 556 et
264 514 380 555 fideli
405 525 493 557 tuta
520 517 683 558 silentio
1367 518 1421 559 25

89 571 274 609 Merces:
302 569 480 621 vetabo,
509 572 777 626 quiCereris
803 584 966 612 sacrum

143 623 336 676 Vulgarit
365 637 558 675 arcanae,
587 623 663 664 sub
694 626 831 666 'isdem

195 676 257 716 Sit
280 676 489 728 trabibus,
516 677 764 732 fragilemve
791 692 955 719 mecum

92 752 237 793 Solvat
262 752 475 805 phaselon.
531 755 665 808 Saepe
694 754 909 808 Diespiter

90 806 316 858 Neglectus
345 806 505 847 incesto
537 808 697 848 addidit
725 808 956 864 integrum:
1369 810 1422 851 30

143 861 258 898 Raro
289 861 604 901 antecedentem
633 862 856 902 scelestum

198 913 398 953 Deseruit
422 914 532 968 pede
558 917 702 955 Poena
729 916 892 958 claudo.

617 1054 797 1084 CARMEN
825 1045 891 1085 111.

161 1138 300 1172 Laudes
326 1139 478 1171 iustitiae
505 1145 542 1182 et
563 1136 796 1176 constantiae.
823 1141 894 1174 Sed
918 1143 1067 1178 sortasse
1090 1145 1201 1178 totius
1229 1145 1424 1187 argumenti

95 1186 186 1219 ratio
212 1185 248 1216 in
270 1195 302 1216 v.
330 1184 371 1227 57
394 1195 491 1229 seqq.
517 1185 727 1221 includitur.

576 1275 730 1309 ,Metram
754 1276 946 1311 Alcaicum.

94 1357 251 1395 lustum
281 1363 322 1395 et
348 1363 537 1395 tenacem
566 1358 775 1410 propositi
803 1357 937 1398 virum

95 1411 189 1449 Non
216 1409 367 1449 civium
396 1409 522 1448 ardor
549 1423 677 1462 prava
706 1411 960 1463 iubentium,

149 1464 244 1502 Non
273 1463 409 1502 vultus
437 1462 622 1502 instantis
654 1465 813 1516 tyranni

203 1517 342 1555 Mente
373 1516 504 1570 quatit
530 1516 685 1569 solida,
714 1532 850 1574 neque
881 1518 1058 1570 Auster,

99 1593 198 1631 Dux
223 1591 396 1646 inquieti
421 1591 612 1630 turbidus
640 1591 845 1643 Hadriae,
1403 1599 1429 1639 5

101 1648 190 1685 Nec
219 1645 470 1684 fulminantis
497 1659 645 1698 magna-
671 1660 813 1685 manus
842 1648 970 1688 Iovis:

155 1700 199 1738 Si
225 1697 382 1737 fractus
408 1698 600 1738 illabatur
631 1698 766 1749 orbis,

208 1751 465 1805 Impavidum
491 1751 647 1792 ferient
679 1753 835 1793 ruinae.

100 1829 191 1867 Hac
219 1835 306 1867 arte
335 1827 487 1866 Pollux
514 1835 557 1866 et
586 1842 715 1882 vagus
749 1831 956 1871 Hercules

101 1881 273 1930 Enisus,
302 1893 417 1920 arces
446 1880 581 1934 attigit
606 1882 770 1935 igneas3
1120 1931 1126 1936 ⁶
1383 1899 1430 1926 ro

157 1934 277 1996 Quos
302 1934 411 1973 inter
432 1934 500 1972 Au
531 1943 645 1974 ustus
675 1936 922 1977 recumbens

211 1989 434 2040 Purpureo
462 1987 505 2026 bi
538 1996 580 2028 et
612 2002 688 2028 ore
716 1999 870 2030 nectar.

172 2117 245 2158 III,
280 2129 310 2153 v,
339 2129 370 2161 7.
409 2119 572 2152 illabetur
597 2119 686 2153 Cod.
712 2121 826 2153 Vand.
863 2127 898 2154 et
933 2123 1068 2165 aliquot
1092 2121 1206 2154 Bentl.
1240 2139 1286 2146 —
1320 2134 1350 2154 v.
1379 2131 1429 2157 10.

106 2163 222 2196 Codd.
251 2169 287 2197 et
311 2164 400 2196 Edd.
431 2167 565 2197 variant
589 2167 623 2196 in
646 2167 801 2205 ιἠιιίειιε,
827 2168 969 2200 innixus
984 2191 996 2207 ‚
1022 2168 1148 2199 enisus.
1175 2167 1229 2200 Cf.
1249 2167 1362 2200 Bentl.
1386 2185 1432 2193 —-

105 2221 142 2241 v.
172 2219 222 2241 12.
254 2209 345 2242 bibet
380 2211 542 2254 plerique
579 2208 697 2243 codd.
732 2211 814 2244 bibit
837 2212 952 2245 Codd.
978 2213 1113 2256 aliquot
1139 2213 1233 2257 apud
1256 2213 1369 2247 Benu.
1395 2219 1429 2248 et

105 2254 281 2298 plurimae
307 2254 397 2288 Edd.
424 2254 480 2289 Cf.
507 2256 620 2289 Bentl.
645 2258 738 2297 Fra,
766 2257 864 2289 Jahn.
