1526 2404
413 521 826 602 QssnottA'ru
878 516 1135 593 FLAcci

251 615 1294 750 SERMONUM,

561 812 693 845 LIBER
717 811 975 845 εἰὶρῑωωᾞεςὁ
1347 798 1353 801 ’
1378 810 1385 827 ·

658 1000 826 1046 Sarma
854 1001 883 1039 I».

172 1106 375 1140 Carminum
396 1106 530 1139 Horatii
551 1106 641 1140 ordo
662 1114 696 1141 et
718 1108 753 1140 in
767 1109 922 1152 singulos
941 1102 1052 1142 libros
1076 1103 1278 1142 distributio
1294 1107 1437 1153 poetam

108 1151 222 1196 ipsum
236 1175 246 1194 ‚
270 1158 309 1184 ut
341 1163 361 1185 a
384 1152 541 1184 Bentleio
558 1152 594 1183 in
612 1153 831 1196 praefatione
856 1165 918 1186 sua
942 1154 1060 1187 edocti
1081 1165 1222 1195 sumus,
1253 1158 1436 1186 auctorem

109 1195 225 1229 habet.
255 1197 440 1238 Horatius,
465 1207 506 1229 ex
529 1196 661 1230 Bentlei
686 1199 972 1241 computatione,
995 1199 1119 1231 satiras
1141 1198 1264 1231 aetatis
1281 1207 1372 1229 anno
1391 1196 1436 1230 26

106 1252 218 1286 usque
247 1241 293 1274 ad
318 1243 361 1275 28
385 1253 405 1274 a
428 1253 465 1274 se
491 1242 708 1286 conscriptas
741 1253 813 1274 uno
839 1244 1015 1276 volumine
1055 1245 1222 1276 collectas
1253 1241 1434 1284 ediderat3

106 1297 201 1319 nunc
216 1287 378 1331 pluribus
400 1287 499 1319 annis
515 1291 616 1330 post,
640 1289 789 1320 alterum
810 1287 878 1320 hoc
901 1289 1066 1320 volumen
1086 1288 1222 1332 publici
1243 1287 1328 1319 iuris
1350 1287 1436 1320 fecit

106 1342 199 1364 anno
223 1334 344 1365 aetatis
369 1334 408 1366 31
435 1343 545 1375 usquc
568 1331 614 1363 ad
634 1333 676 1365 33
698 1333 909 1365 consectum.
947 1333 1062 1376 Quam
1082 1343 1208 1377 parum
1231 1338 1348 1364 autem
1369 1331 1436 1364 hae

106 1377 232 1410 satirae
254 1378 442 1422 separatim
462 1378 614 1421 primum
636 1377 750 1410 editae
765 1378 982 1422 placuerint,
1004 1389 1109 1422 quam
1127 1387 1251 1423 aspera
1270 1377 1340 1409 iam
1358 1382 1435 1409 tum

106 1421 237 1454 iudicia
266 1430 347 1467 pars
373 1424 548 1455 lectorum
571 1421 615 1454 de
638 1429 766 1466 poetae
793 1423 941 1455 consilio
969 1423 1011 1455 ct'
1029 1424 1229 1465 voluntate,
1265 1422 1333 1454 alia
1353 1427 1434 1467 pars
1488 1424 1492 1427 ’

106 1466 151 1499 de
168 1466 295 1499 horum
317 1468 512 1501 carminum
530 1467 646 1511 pretio
664 1469 807 1509 tulerit,
833 1469 959 1500 satirae
978 1468 1060 1500 libri
1076 1468 1201 1512 primi,
1228 1468 1247 1500 3
1262 1492 1272 1509 ‚
1299 1465 1320 1510 4
1340 1472 1375 1500 et
1394 1475 1435 1501 ιο

106 1512 188 1544 satis
211 1514 306 1545 clare
330 1512 539 1554 ostendunt3
565 1523 679 1556 neque
703 1513 839 1556 integro
860 1514 1038 1546 ‘volumine
1062 1513 1158 1546 edito
1179 1512 1362 1545 hominum
1379 1512 1431 1544 fa-

106 1567 227 1590 vorem
244 1559 412 1591 continuo
430 1557 494 1589 sibi
510 1563 617 1602 poeta
634 1559 884 1590 conciliaverit.
910 1559 1083 1591 Hactenus
1099 1566 1171 1591 non
1182 1558 1311 1589 mirum
1330 1557 1432 1590 nobis

105 1602 300 1644 videbitur,
322 1602 390 1636 hoc
414 1604 563 1635 alterum
582 1603 767 1635 satirarum
791 1605 955 1636 volumen
971 1603 1014 1635 ab
1032 1604 1156 1636 iterata
1173 1603 1304 1636 satirici
1323 1613 1430 1645 gene-

104 1648 154 1680 ris
177 1647 381 1681 defensione
404 1647 582 1691 incipere3
609 1654 641 1680 at
665 1660 768 1692 quam
792 1649 896 1691 longe
923 1649 1024 1681 huius
1047 1648 1190 1693 quidem
1217 1647 1430 1681 defensionis

105 1693 198 1725 ratio
225 1699 260 1726 et
283 1694 380 1726 stilus
407 1693 531 1725 abillis
552 1694 729 1738 prioribus
749 1691 902 1726 recedit!
924 1695 1033 1727 Poeta
1055 1694 1147 1726 enim
1172 1693 1254 1725 dum
1278 1692 1430 1736 simplici

106 1743 141 1771 et
157 1737 310 1771 candido
335 1749 497 1771 sermone
524 1740 574 1771 uti
600 1738 757 1780 videtur,
778 1750 843 1783 per
865 1745 976 1772 totam
996 1738 1086 1772 hanc
1106 1739 1248 1771 satiram
1268 1737 1429 1770 adversa*

105 1783 177 1816 rios
200 1795 282 1816 suos
303 1784 490 1816 salsissime
519 1784 622 1816 nobis
650 1784 867 1817 deridendos
895 1785 1083 1828 propinat,
1113 1788 1154 1815 ut
1182 1794 1255 1816 non
1278 1782 1428 1826 amplius

105 1827 175 1861 hoc
201 1829 393 1861 carminum
423 1840 530 1872 genus
564 1830 655 1862 serio
687 1835 721 1862 et
751 1830 846 1861 iustis
871 1829 1082 1871 argumentis
1116 1826 1329 1869 deffindere,
1365 1826 1430 1859 sed

104 1873 223 1918 potius
244 1873 309 1907 hac
324 1873 412 1906 'data
430 1875 616 1907 occasione
636 1874 679 1907 de
699 1875 774 1907 aliis
799 1874 1006 1918 quibusdam
1030 1873 1135 1907 rebus
1161 1873 1229 1906 huc
1245 1872 1426 1917 pertinen—

104 1918 198 1951 tibus
226 1930 305 1956 cum
329 1919 521 1952 lectoribus
549 1921 810 1952 communicare
835 1931 914 1952 eum
942 1920 1091 1951 voluisse
1114 1922 1290 1963 appareat.
1337 1917 1427 1949 Nam

105 1963 290 2006 Horatius,
313 1975 393 1996 cum
418 1965 452 1996 in
476 1965 594 2008 priore
615 1966 800 1998 satirarum
815 1965 992 1996 volumine
1013 1968 1154 2008 poetam
1170 1962 1250 1995 satis
1266 1961 1425 2005 ingenio-

104 2019 182 2040 sum
206 2014 310 2053 atque
331 2009 419 2042 adeo
435 2011 769 2054 praestantissimum
787 2022 824 2043 se
840 2009 1079 2054 praebuiSset,
1104 2018 1221 2040 nonne
1244 2011 1424 2050 exspecta-

104 2052 237 2086 tionem
255 2055 406 2087 excitare
428 2057 471 2087 de
494 2067 530 2087 se
550 2055 835 2098 de12ehat‚sore‚
859 2058 898 2086 ut
916 2055 1003 2098 ipse,
1021 2052 1232 2086 Maecenatis
1254 2057 1287 2084 et
1304 2051 1424 2094 Augu-

105 2098 147 2131 sti
170 2098 368 2141 familiaris‚
395 2099 571 2142 ingenium
591 2113 692 2133 suum
714 2106 748 2133 et
773 2106 883 2132 artem
899 2099 943 2131 ad
967 2098 1066 2130 huius
1086 2097 1255 2142 principis
1275 2097 1425 2139 gloriam

106 2143 353 2176 celebrandam
378 2145 572 2188 conferret,
597 2145 693 2190 quod
714 2145 855 2189 quidem
883 2154 1002 2176 omnes
1023 2143 1098 2175 sere
1121 2146 1249 2186 poetae
1269 2140 1335 2173 hac
1363 2152 1423 2174 ae-

103 2192 176 2221 tate
199 2183 417 2232 satagerent?
452 2190 645 2234 Augustum
669 2196 764 2224 certe
784 2189 926 2234 quidem
953 2189 1067 2233 ipsum
1093 2185 1162 2219 hoc
1182 2190 1364 2230 exoptasse
1389 2191 1425 2218 et

104 2234 239 2266 Horatii
256 2234 300 2267 de
322 2245 359 2267 se
383 2235 559 2269 silentium
580 2237 671 2270 male
692 2235 869 2281 accepisse
889 2233 1079 2267 Suetonius
1099 2231 1228 2265 diserte
1248 2236 1367 2264 narrat
1383 2230 1422 2263 in
