1526 2404
486 202 720 231 sssnnouun
753 203 839 230 un.
866 190 914 234 11.
941 190 992 232 3.
1340 192 1393 243 ⁶7

81 297 274 338 Insanum
295 304 344 337 to
362 309 513 337 omnes
540 295 663 350 pueri
688 295 952 351 clamentque
975 295 1167 350 puellae:
1314 298 1394 339 230

84 351 228 413 Quum
243 350 398 406 laqueo
425 363 602 390 uxorem
628 349 850 400 interimis,
877 357 1135 405 matremque
1162 362 1353 401 veneno,

83 403 284 444 Incolumi
318 403 454 458 capite
489 402 565 443 es?
601 402 716 465 Quid
750 401 1074 495 enim?ArNeque
1107 410 1156 443 tu
1180 402 1264 444 hoc
1288 403 1395 445 facis

83 509 172 550 Nec
195 508 314 551 ferro
341 517 390 549 ut
416 509 586 549 demens
610 508 852 563 genitricem
880 470 1035 549 ocigzidis
1063 509 1256 553 Orestes.

82 562 151 606 An
175 571 223 603 tu
248 562 355 602 reris
383 575 479 602 eum
507 562 644 602 occisa
670 563 867 603 insanisse
893 570 1091 616 parente,

82 614 148 655 Ac
172 630 256 655 non
283 623 378 654 ante
405 615 521 655 malis
546 615 782 656 dementem
810 624 948 656 actum
973 616 1134 667 Furiis,
1161 630 1287 672 quam
1318 617 1393 660 135

83 668 129 707 In
154 669 296 708 matris
322 667 467 721 iugulo
493 668 655 708 ferrum
679 669 884 723 tepefecit
910 668 1107 709 acutum?

130 722 203 761 uin
230 735 284 761 ex
368 734 394 759 ο
419 720 582 761 habitus
609 723 716 762 male
745 731 860 762 tutae
884 723 1033 762 mentis
1056 723 1258 775 Orestes,

123 775 153 814 il
180 787 277 814 sane
326 773 429 824 ecit,
455 775 571 830 quod
595 783 643 814 tu
667 775 928 830 reprendere
955 775 1112 828 possis:

86 831 181 868 Non
207 826 392 880 Pyladen
419 826 538 868 ferro
569 828 725 868 violare
753 842 929 868 aususve
957 841 1147 868 sororem
1175 836 1241 869 est

85 882 319 921 Electram:
346 888 506 920 tantum
532 881 743 921 maledicit
762 882 954 936 utrique,
979 881 1169 922 vocando
1321 887 1397 929 ¹40

85 935 206 974 Hanc
233 933 425 982 Furiam,
444 933 557 974 hunc
585 934 717 984 aliud,
745 934 863 974 iussit
889 934 1012 989 quod*
1043 933 1261 988 splendida
1287 932 1398 976 bilis.

86 988 259 1041 Pauper
288 985 479 1040 Opimius
508 987 669 1042 argenti
692 988 820 1040 positi
847 987 956 1027 intus
984 995 1028 1028 et
1053 987 1166 1040 auri,

88 1040 177 1133 gui
202 1039 478 1082 Veientanum
502 1039 622 1080 festis
646 1048 796 1094 potare
822 1040 970 1080 diebus

125 1107 297 1147 ampana
323 1093 470 1132 solitus
494 1094 643 1144 t'rulla,
671 1107 935 1149 vappamque
959 1093 1186 1148 profestis,
1461 1144 1464 1148 ἡ

88 1146 311 1206 Quondam
335 1145 472 1186 lethar
502 1160 528 1186 o
556 1146 703 1201 grandi
731 1154 796 1186 est
827 1160 1078 1200 oppressus,
1108 1156 1157 1187 ut
1180 1147 1307 1189 heres
1323 1148 1398 1196 145

90 1200 177 1238 lam
203 1199 358 1239 circum
385 1199 428 1239 lo
502 1212 549 1238 os
576 1207 621 1239 et
645 1200 784 1239 claves
810 1200 943 1240 laetus
969 1214 1185 1256 ovansque

88 1253 303 1292 Curi-eret.
330 1253 453 1292 Hunc
478 1253 664 1292 medicus
693 1253 869 1292 multum
895 1254 1011 1293 celer
1038 1262 1165 1308 atque
1192 1252 1340 1296 fidelis

87 1305 253 1345 Excitat
274 1305 358 1345 hoc
382 1313 744 1359 pactormensam
770 1306 871 1360 poni
896 1306 1036 1356 iubet,
1063 1315 1188 1362 atque

88 1357 264 1398 Effundi
289 1371 434 1398 saccos
461 1372 747 1410 nummorum,
773 1359 975 1399 accedere
1003 1360 1147 1413 plures

89 1410 160 1450 Ad
186 1412 508 1452 numerandum:
533 1412 744 1452 hominem
770 1412 830 1452 sic
856 1413 980 1466 erigit
986 1427 1000 1464 3
1032 1413 1147 1453 addit
1173 1419 1220 1453 et

288 1491 291 1493 -
870 1466 997 1506 illud:
1323 1466 1399 1507 150

91 1517 145 1556 Ni
169 1524 243 1556 tua
268 1516 473 1565 custodis,
501 1517 645 1557 avidus
670 1518 751 1558 iam
775 1518 881 1558 haec
909 1518 1075 1559 auferet
1101 1518 1243 1560 heres.
1270 1543 1325 1549 —

91 1570 199 1610 Men*
214 1569 343 1610 vivo?
358 1591 413 1599 —
439 1570 496 1609 Ut
512 1571 628 1610 vivas
652 1572 802 1625 igitur,
819 1572 966 1651 vigi-lav:
984 1572 1067 1612 hoc
1095 1586 1187 1627 age.
1213 1595 1268 1604 —-
1283 1572 1399 1630 Quid

873 1638 933 1663 τις
946 1654 956 1663 .
989 1649 1044 1655 —

91 1672 301 1714 Deficient
324 1673 494 1736 inopem
520 1688 653 1715 venae
677 1682 745 1725 te,
773 1675 815 1714 ni
842 1676 956 1716 cibus
985 1686 1110 1733 atque

93 1728 243 1782 Ingens
271 1727 431 1767 aceed1t
457 1727 669 1767 stomacho
698 1727 855 1766 fultura
882 1732 1032 1770 ruenti.

93 1783 162 1820 'ru
179 1779 345 1820 cessas?
364 1780 555 1834 agedum,
573 1794 689 1820 sume
704 1779 786 1819 hoc
802 1781 1068 1833 ptisanarium
1080 1795 1245 1837 oryzae.
1256 1805 1310 1811 -
1325 1781 1399 1821 155

94 1833 252 1892 Quanti
276 1832 441 1873 emtae?
468 1856 523 1863 -—-
538 1834 688 1873 Parvo.
714 1855 769 1863 ·—
788 1834 943 1926 Quaipti
970 1837 1184 1929 ergossh÷
1203 1833 1400 1913 'Octussi-

902 1903 964 1929 us.
991 1914 1045 1920 --
1139 1903 1213 1929 eu.

96 1938 212 1998 Quid
239 1937 397 1990 refert,
421 1939 570 1980 morbo
597 1953 647 1979 an
671 1937 796 1979 furtis
822 1953 1076 2000 pereamque
1111 1938 1295 1997 rapinis?

94 2114 142 2126 -
160 2111 198 2133 v.
218 2099 293 2144 154.
314 2096 450 2134 accedit
470 2099 581 2133 Bentl.
600 2110 619 2132 e
632 2098 861 2144 Codd.vulg.
876 2098 1019 2135 accedat
1031 2101 1085 2135 Cf.
1105 2099 1229 2134 Heind-
1246 2104 1279 2132 et
1296 2098 1397 2132 Both.

95 2143 278 2178 Annotatt.
309 2164 356 2172 —
387 2155 425 2177 v.
444 2145 521 2187 157.
557 2145 703 2178 Plurimi
729 2144 809 2177 libri
834 2157 1055 2194 pereamque,
1080 2146 1178 2179 multi
1201 2155 1398 2190 per-eamve,

96 2189 202 2266 pauci
222 2201 416 2236 peu-eamne.
443 2188 556 2224 Bentl.
586 2200 775 2235 per-eamve.
803 2189 876 2225 Sed
897 2191 978 2225 vid.
1004 2191 1128 2225 Heind.
1153 2195 1187 2224 et
1208 2190 1397 2234 praecipue

1026 2280 1092 2320 5*
