1526 2404
488 147 742 176 nisi-ozan.
769 146 856 173 mn.
884 133 934 174 11.
961 134 1002 175 3.
1146 171 1149 178 ,
1345 134 1412 174 ιὺι

101 247 232 290 luerit,
251 255 297 280 an
311 244 387 278 sine
407 242 484 275 ulla
498 243 567 275 alia
586 252 692 275 causa
709 241 883 286 peculiari
901 251 982 274 cum
995 238 1117 274 amieis
1134 239 1286 286 poi-'seon
1298 251 1418 273 aman-

102 293 215 334 tibus,
241 302 334 336 quae
355 289 401 322 de
426 287 491 321 bac
518 293 592 320 arte
616 287 787 329 senserit,
818 286 1156 328 communicaverit,
1183 285 1253 318 hoc
1276 286 1420 334 quiden

103 338 210 371 certis
233 332 429 370 rationibus
450 332 590 366 deliniri
607 341 681 366 non
703 337 838 378 potest,

102 418 297 457 Humano
324 413 450 467 capiti
478 411 689 452 cervicem
717 412 859 466 pictor
893 411 1086 466 equinam

102 471 142 509 1·
209 483 284 510 ere
311 468 347 508 si
375 466 499 516 velit,
528 472 573 504 et
597 464 732 505 varias
757 465 958 504 inducere
983 464 1144 518 plumas

104 480 300 577 ffique
334 519 494 560 collatis
515 518 745 565 membris,
774 525 825 556 ut
854 517 1039 571 turpiter
1065 524 1202 556 atrum

103 576 279 616 Desinat
303 574 347 613 in
369 573 528 627 piscem
552 571 704 610 mulier
729 570 1153 624 formosteme‚

105 628 352 682 Spectatum
377 623 544 665 admissi
568 623 699 662 risum
725 623 901 663 teneatis
914 653 926 674 ‚
951 622 1101 662 amici?
1398 621 1426 661 5

107 680 306 730 Credite,
331 679 531 728 Pisones,
558 676 627 715 isti
655 676 823 716 tabulae
858 675 956 716 fore
981 675 1138 714 librum

105 732 393 783 Pei-similem,
425 731 567 780 cuius,
587 730 711 785 'velut
737 729 854 783 aegri
884 729 1064 778 somnia,
1094 739 1225 768 vanae

107 786 188 825 Fin
217 793 343 826 entur
368 784 558 838 species,
587 790 637 821 ut
662 796 740 822 nec
768 797 843 835 pes
859 812 871 832 ‚
901 795 980 822 nec
1007 789 1136 835 caput
1161 780 1232 819 uni

107 799 328 878 Reffilatur
357 838 535 878 formae.
552 859 607 865 —
626 835 868 875 Pictoribus
895 843 1021 889 atque
1048 834 1187 887 poetis

110 891 332 943 Quidlibet
357 889 536 930 audendi
562 902 731 941 semper
757 887 838 926 fuit
864 901 996 942 aequa
1021 894 1222 940 potestaS.
1244 909 1298 916 —
1381 898 1428 925 ιο

110 944 295 995 Scimus,
322 952 367 983 et
389 943 495 982 hanc
512 941 674 982 veniam
692 941 958 1002 petimusque
977 941 1206 994 damusque
1227 939 1428 979 vicissim:

110 997 198 1036 Sed
224 1011 310 1036 non
333 1004 383 1035 ut
406 995 579 1048 placidis
607 997 756 1033 coe'ant
786 994 956 1033 immitia
970 1007 982 1043 3
1008 1007 1092 1032 non
1119 1000 1168 1031 ut

111 1050 341 1102 Serpentes
368 1048 513 1088 avibus
542 1047 826 1100 geminentur,
856 1046 1037 1101 tigribus
1068 1045 1174 1100 agni.

110 1101 293 1154 Inceptis
321 1100 519 1156 gravibus
544 1100 796 1154 plerumque
824 1107 868 1139 et
891 1113 1039 1154 magna
1070 1097 1275 1152 professis

111 1155 384 1207 Purpureus,
409 1153 493 1192 late
520 1152 594 1208 qui
618 1152 860 1205 splendeat,
886 1166 992 1191 unus
1019 1160 1064 1192 et
1090 1153 1195 1191 alter
1386 1149 1432 1190 15

111 1207 309 1246 Assuitur
333 1218 518 1261 pannus3
550 1205 681 1260 quum
706 1205 826 1245 lucus
853 1214 898 1246 et
924 1219 996 1244 ara
1021 1205 1178 1244 Dianae
1191 1234 1202 1253 ‚

107 1258 171 1299 Et
201 1259 468 1313 properantis
494 1272 625 1314 aquae
650 1269 731 1311 per
756 1258 953 1299 a'moenos
979 1259 1157 1298 ambitus
1184 1271 1309 1311 agros
1324 1284 1336 1307 ‚

111 1312 202 1353 Aut
225 1310 383 1352 flumen
410 1311 628 1362 Menum,
657 1318 729 1350 aut
760 1311 931 1364 pluvius
959 1311 1213 1351 describitur
1245 1324 1378 1350 arcus.

114 1365 204 1405 Sed
228 1378 337 1405 nunc
363 1378 449 1405 non
478 1373 570 1404 erat
600 1363 665 1404 his
693 1364 824 1404 locus.
852 1365 911 1404 Et
935 1363 1117 1404 fortasse
1147 1377 1391 1416 cupressum

115 1417 208 1456 Scis
232 1418 451 1458 simulare:
538 1418 580 1457 ‘d
606 1417 711 1467 hoc,
739 1418 775 1457 si
800 1416 946 1457 fractis
979 1426 1119 1458 enatat
1146 1430 1294 1470 exspes
1381 1430 1432 1456 20

114 1468 322 1521 Navibus,
350 1484 448 1511 aere
505 1479 573 1511 ato
600 1471 672 1525 qui
701 1469 917 1524 pingitur?
944 1471 1161 1524 Amphora
1190 1470 1333 1523 coepit

102 1522 300 1572 vI'nstitui3
329 1531 525 1563 currente
552 1532 647 1563 rota
673 1536 749 1562 cur
776 1537 928 1563 urceus
957 1523 1071 1563 exit?

115 1575 313 1629 Denique
346 1575 399 1614 sit
427 1576 528 1630 quid
555 1577 640 1626 vis,
667 1576 844 1629 simplex
871 1578 1069 1616 duntaxat
1098 1584 1141 1616 et
1167 1590 1310 1615 unum.

115 1628 294 1668 Maxima
318 1641 415 1680 pars
441 1635 605 1677 vatum,
633 1636 755 1681 pater
783 1637 826 1668 et
854 1630 1025 1669 iuvenes
1052 1638 1173 1683 patre
1201 1629 1337 1683 digni,

116 1681 366 1734 Decipimur
393 1681 534 1734 specie
564 1682 684 1720 recti.
710 1682 862 1721 Brevis
891 1695 984 1722 esse
1009 1683 1183 1734 laboro,
1380 1681 1433 1721 25

186 1783 254 1824 m,
270 1794 318 1823 as.
343 1793 375 1815 2.
396 1794 531 1827 pennas
578 1793 619 1815 ro
641 1783 780 1827 plumas
806 1783 898 1816 Coll.
913 1783 1141 1829 Sax.fi›rmas
1157 1785 1268 1818 Bentl.
1287 1784 1430 1818 coniec-

117 1832 217 1869 tura,
241 1827 286 1860 de
311 1838 380 1871 qua
405 1825 460 1859 Cs.
487 1795 673 1860 Hocineder
698 1828 885 1868 (Horatius
906 1829 1007 1862 Buch
1030 1826 1115 1862 iiber
1142 1830 1195 1862 die
1219 1830 1431 1869 Dc'clikunst,

120 1872 254 1905 erkh‘trt
273 1883 340 1904 νοη
355 1871 550 1904 ΗοσΙιεᾶει·.
575 1873 726 1904 Passau.
751 1874 868 1915 1824).
892 1893 938 1899 —
955 1885 992 1906 v.
1009 1876 1041 1908 3.
1058 1883 1124 1908 aut
1139 1876 1290 1919 turpiter
1313 1874 1430 1907 Codd.

118 1917 244 1950 Valart
267 1922 303 1950 et
327 1915 503 1949 Sanadon.
538 1927 580 1950 ex
608 1916 760 1961 ingenio.
786 1918 842 1949 Cs.
866 1919 947 1951 Fea.
969 1935 1016 1945 -·-
1038 1930 1077 1952 v.
1103 1922 1135 1953 5.
1159 1920 1356 1952 Markland.
1383 1921 1432 1952 ita

121 1961 320 2005 distinguit:
335 1980 381 1986 —
401 1962 574 1994 teneatis?
594 1963 725 2004 Amici,
752 1961 907 2003 Credite,
929 1963 1084 1998 Pisones.
1100 1965 1154 1996 Cs.
1168 1964 1264 1996 Iahn.
1278 1980 1323 1989 -—
1345 1976 1380 1996 v.
1397 1965 1430 1997 8.

120 2007 324 2050 iunguntur
336 2018 426 2050 spec.
446 2006 536 2039 cod.
556 2007 698 2039 Helmst.
711 2026 756 2032 —
767 2019 802 2039 υ.
818 2018 852 2050 9.
868 2007 1078 2050 redduntur,
1101 2009 1297 2042 reddentur
1314 2009 1430 2042 Codd.

121 2052 257 2095 aliquot
269 2053 377 2093 Feae3
404 2048 604 2084 reddantur
619 2051 708 2084 Cod.
726 2052 837 2085 Helm.
859 2058 895 2085 et
910 2052 974 2085 Ed.
990 2055 1070 2086 Zar.
1086 2054 1141 2087 Cf.
1156 2056 1239 2087 Fea.
1258 2073 1298 2079 -—
1319 2065 1357 2086 v.
1377 2055 1429 2087 ιδ.

120 2094 266 2128 Rhenus
295 2096 412 2129 Codd.
447 2097 579 2128 Valart.
607 2095 723 2129 Rheni
746 2099 865 2141 plures
890 2097 1007 2131 Codd.
1031 2111 1118 2143 quos
1144 2106 1325 2132 enumerat
1347 2100 1374 2130 F
1377 2110 1430 2130 ea.

120 2138 183 2177 cf.
205 2141 302 2175 lahn.
325 2159 367 2165 -
391 2154 428 2174 v.
452 2151 509 2176 20.
530 2153 634 2186 expes
657 2143 774 2186 plures
790 2142 906 2185 Qodd.
931 2148 966 2175 et
984 2150 1063 2177 vett.
1080 2144 1169 2176 Edd.
1195 2145 1288 2188 apud
1310 2145 1429 2177 feam.

122 2184 179 2217 Cf.
201 2185 297 2218 Iahn.
320 2202 367 2213 ·-·-
389 2198 426 2220 v.
450 2188 506 2220 23.
530 2185 668 2232 quidvis
693 2187 805 2220 Bentl.
830 2193 868 2220 et
888 2188 959 2221 Fea
974 2199 995 2222 e
1014 2188 1130 2223 Codd.
1147 2189 1251 2232 vulg.
1266 2187 1427 2234 quodvis.

163 2238 286 2272 Horat.
309 2239 356 2273 11.
1119 2245 1133 2270 1
1146 2248 1160 2270 ι
