1526 2404
481 205 718 233 smmomm
746 205 833 231 mn.
858 191 899 242 1,
933 207 963 230 1.
1355 205 1381 241 7

64 300 257 340 Audaces
283 313 400 340 mare
429 299 502 354 qui
530 295 729 346 currunt,
760 296 839 337 hac
866 306 1008 338 mente
1035 296 1227 338 laborem
1330 297 1384 338 30

42 353 171 405 VSese
196 354 340 403 ferre,
367 366 488 392 senes
516 361 563 391 ut
591 353 633 391 in
662 351 746 391 otia
773 358 863 390 tuta
889 350 1112 400 recedant,

63 406 216 457 Aiunt,
246 420 377 461 quum
405 404 486 444 sihi
513 405 592 444 sint
620 410 825 458 congesta
848 403 1022 443 cibaria:
1049 403 1159 442 sicut

63 459 269 508 Parvula,
297 472 394 498 nam
421 458 616 511 exemplo
646 465 731 506 est,
759 456 899 510 magni
925 456 1105 495 formica
1131 455 1287 495 laboris

67 510 159 551 Ore
187 510 317 551 trahit
344 509 628 572 quodcunque
654 516 821 565 potest,
849 516 978 572 atque
1006 509 1122 548 addit
1146 521 1325 558 acervo,

66 563 207 615 Quem
234 564 382 613 struit,
407 562 523 602 haud
549 577 695 617 ignara
721 575 770 602 ac
795 576 880 601 non
906 569 1072 602 lucauta
1098 560 1245 601 futuri.
1332 561 1388 602 35

65 617 213 709 guae,
242 615 365 656 simul
391 615 606 655 inversum
631 615 849 656 contristat
869 615 1080 670 Aquarius
1108 627 1283 665 annum,

105 684 160 709 on
186 683 365 731 usquam
389 669 606 729 prorepit,
634 677 677 709 et
702 668 784 708 illis
815 668 950 707 utitur
977 675 1073 707 ante

115 723 284 762 uaesius
311 734 498 774 sapiens;
527 735 657 775 quum
682 730 727 761 te
754 733 895 775 neque
922 720 1115 760 fervidus
1145 728 1285 759 aestus

112 781 308 815 emoveat
325 773 446 813 lucro
458 799 470 819 ‚
499 787 639 828 neque
660 774 793 814 hiems
805 803 816 821 ,
841 773 948 834 ignis
964 802 975 822 ‚
992 786 1131 824 mare,
1149 772 1313 812 ferrum
1325 802 1338 822 ‚

68 828 136 867 Nil
163 826 306 867 obstet
330 826 430 876 tibi,
458 826 562 865 dum-
585 841 638 866 ne
660 827 714 866 sit
731 834 774 866 te
797 826 924 865 ditior
952 826 1070 864 alter.
1337 831 1391 874 40

72 879 189 946 Quid
214 880 353 928 iuvat,
380 878 630 919 immensum
655 887 701 919 te
730 878 893 933 argenti
917 878 1084 931 pondus
1114 886 1159 917 et
1185 877 1276 916 auri

70 933 237 973 Furtim
254 931 426 971 defossa
442 931 633 971 timidum
657 932 873 985 deponere
902 929 1047 969 terra?
1073 954 1129 960 --

75 985 227 1046 Quod,
255 984 291 1023 si
318 985 597 1034 comminuas,
621 985 747 1024 vilem
773 983 1071 1037 redigaturad
1099 996 1246 1022 assem.
1273 1006 1326 1012 ——

72 1040 130 1078 At
142 1068 154 1087 ‚
179 1038 222 1077 ni
238 1036 284 1076 id
302 1034 371 1086 fit,
392 1037 495 1091 quid
516 1035 644 1077 hab‘et
661 1036 830 1091 pulchri
849 1043 1114 1076 constructus
1133 1035 1340 1076 acervus?

72 1090 203 1130 Millia
228 1089 431 1129 frumenti
458 1097 531 1129 tua
553 1091 721 1130 triverit
748 1103 847 1129 area
874 1097 1065 1139 centum,
1209 1093 1220 1097 “
1340 1088 1394 1136 45

73 1146 168 1183 Non
194 1151 300 1182 tuus.
316 1141 400 1181 hoc
427 1142 568 1195 capiet
583 1152 746 1194 &venter
771 1142 867 1195 plus
888 1154 937 1181 ac
959 1155 1101 1182 meus:
1129 1149 1177 1181 ut
1203 1142 1239 1181 si

74 1195 318 1236 Reticulum
345 1195 461 1247 panis
483 1195 654 1235 venales
682 1195 793 1234 inter
820 1202 972 1234 onusto

75 1250 208 1288 Forte
238 1247 366 1288 vehas
393 1247 596 1297 humero,
622 1248 752 1287 nihilo
780 1248 874 1309 plus
904 1246 1104 1300 accipias,
1134 1259 1260 1302 quam

121 1302 164 1340 ui
190 1300 249 1340 nil
307 1300 466 1339 ortarit.
495 1301 578 1342 Vel
605 1301 695 1351 dic,
723 1301 825 1355 qmd
852 1299 1018 1339 referat
1043 1300 1152 1340 intra

116 1362 260 1393 aturae
274 1314 392 1392 1iisies
412 1353 613 1402 viventis,
639 1354 788 1407 iugera
816 1360 985 1392 centum
1015 1367 1066 1391 an
1347 1351 1401 1390 50

78 1407 192 1446 Mille
211 1403 331 1445 aret?
354 1429 408 1434 —
435 1406 493 1444 At
513 1420 642 1445 suave
661 1415 725 1446 est
743 1420 796 1446 ex
813 1419 966 1444 macno
985 1406 1140 1446 tollere
1158 1418 1325 1445 acervo.
1347 1426 1400 1432 —-

79 1461 192 1498 Dum
220 1472 274 1498 ex
297 1470 432 1510 parvo
461 1458 582 1498 nohss
609 1459 854 1498 tantundem
878 1435 1050 1497 flaurire
1077 1459 1315 1538 relinglan

83 1513 170 1551 Cur
197 1519 271 1550 tua
298 1510 394 1562 plus
422 1510 567 1550 laudes
596 1512 777 1551 cumeris
805 1511 998 1564 granaria
1024 1511 1200 1551 nostris‘.

82 1565 139 1604 Ut
165 1562 243 1602 tibi
268 1562 303 1601 si
330 1563 384 1601 sit
408 1576 515 1616 opus
541 1564 691 1618 liquidi
716 1577 800 1603 non
830 1577 894 1602 am
925 1564 1006 1603 lius
1033 1578 1138 1603 urna

82 1616 165 1658 Vel
193 1614 365 1667 cyatho,
395 1622 439 1654 et
466 1615 605 1655 dicas:
631 1618 784 1669 Magno
816 1615 871 1655 de
895 1617 1066 1656 iumine
1090 1617 1255 1666 malim,
1354 1615 1406 1655 55

85 1669 224 1728 Quam
254 1680 307 1706 ex
334 1666 418 1706 hoc
448 1666 655 1709 fonticulo
678 1667 924 1708 tantundem
953 1682 1133 1709 sumere.
1160 1671 1228 1710 Eo
1253 1667 1323 1719 fit,

525 1803 536 1819 Ι

76 1823 317 1914 Jgf‘vfliggsugff
321 1825 476 1914 ῖῖὧῖἔῖ
485 1825 630 1903 ῗξῖῗέζέ
637 1825 827 1915 ''JJJTP
835 1827 1271 1918 5223¹¹2a2¹123²0⁰ffi¹0¹1³fif522¹1¹1¹1²
1282 1825 1410 1904 ὲῗῗιῗζ

88 1915 182 1946 Fene
207 1915 371 1947 servavit.
388 1914 470 1946 vid.
491 1914 675 1948 Heindorf.
701 1921 738 1948 et
754 1914 860 1948 Both.
875 1916 1063 1954 Annotatr.
1084 1938 1131 1944 —
1153 1930 1190 1950 v.
1207 1918 1262 1950 38.
1289 1914 1410 1950 Codd.

91 1960 184 1991 inter
207 1959 344 2003 sapiens
369 1964 406 1992 et
427 1961 565 2003 patiens
590 1960 775 1994 fluctuant.
802 1958 905 1994 veti.
925 1962 1017 1996 Edd.
1042 1965 1237 2007 pleraeque
1260 1962 1411 2005 prulens.

92 2000 177 2038 vid.
203 2003 318 2035 Bentl.
344 2002 527 2036 Heindorf.
552 2005 635 2036 Fra.
668 2007 718 2028 ’-
749 2015 787 2035 v.
810 2002 866 2045 43.
890 2005 928 2038 in
951 2019 1062 2040 assem
1085 2006 1179 2041 Cod.
1203 2006 1342 2038 Bersm.
1367 2023 1413 2029 —

91 2058 126 2079 υ.
152 2046 197 2089 46
220 2059 264 2080 ac
288 2059 383 2080 mens
407 2048 533 2082 Bentl.
557 2061 575 2081 e
603 2049 762 2092 plurimis
788 2046 910 2082 Codd.
934 2053 1062 2095 quibus
1084 2051 1262 2085 accedunt
1288 2047 1411 2083 Codd.

91 2092 207 2133 Feae;
242 2093 327 2124 olim
364 2095 490 2136 vulgo:
522 2105 629 2139 quam
650 2105 758 2126 meus.
782 2093 837 2125 Cf.
860 2093 982 2130 Bentl.
1016 2103 1055 2131 et
1076 2094 1203 2129 Heind.
1226 2114 1273 2120 —
1295 2107 1330 2127 v.
1357 2096 1411 2127 50.

93 2135 148 2169 lta
172 2138 267 2168 coni.
291 2137 438 2181 Cuning.
464 2138 580 2171 Codd.
617 2149 739 2170 omnes
772 2139 898 2170 viventi
917 2139 1001 2175 vid.
1033 2140 1160 2174 Heind.
1186 2139 1291 2173 Both.
1316 2138 1413 2171 lahn.

94 2190 131 2211 v.
153 2181 208 2213 55.
233 2180 348 2231 mavlim
375 2182 491 2217 Bentl.
521 2194 563 2216 cx
594 2180 715 2216 Codd.
739 2186 943 2228 revocas-iu
976 2187 1171 2230 pleraeque
1212 2185 1297 2217 olim
1320 2181 1412 2219 Edd.

97 2224 240 2256 mallem.
268 2226 323 2259 bs.
347 2226 472 2261 Heind-
