<?xml version="1.0" encoding="UTF-8"?>
<!DOCTYPE html PUBLIC "-//W3C//DTD XHTML 1.0 Transitional//EN"
    "http://www.w3.org/TR/xhtml1/DTD/xhtml1-transitional.dtd">
<html xmlns="http://www.w3.org/1999/xhtml" xml:lang="en" lang="en">
 <head>
  <title>
</title>
<meta http-equiv="Content-Type" content="text/html;charset=utf-8" />
  <meta name='ocr-system' content='tesseract 3.04.00' />
  <meta name='ocr-capabilities' content='ocr_page ocr_carea ocr_par ocr_line ocrx_word'/>
</head>
<body>
  <div class='ocr_page' id='page_1' title='image "./operaomnia01horauoft_0042.png"; bbox 0 0 1526 2404; ppageno 0'>
   <div class='ocr_carea' id='block_1_1' title="bbox 138 168 1025 227">
    <p class='ocr_par' dir='ltr' id='par_1_1' title="bbox 138 168 1025 227">
     <span class='ocr_line' id='line_1_1' title="bbox 138 168 1025 227; baseline -0.008 -9"><span class='ocrx_word' id='word_1_1' title='bbox 138 168 190 218; x_wconf 74' lang='lat'><strong>36</strong></span> <span class='ocrx_word' id='word_1_2' title='bbox 588 189 627 227; x_wconf 67' lang='grc' dir='ltr'><strong>ρ.</strong></span> <span class='ocrx_word' id='word_1_3' title='bbox 660 187 842 214; x_wconf 59' lang='lat' dir='ltr'><strong>nomi-ru</strong></span> <span class='ocrx_word' id='word_1_4' title='bbox 871 186 1025 213; x_wconf 69' lang='lat' dir='ltr'><strong>FLAcm</strong></span> 
     </span>
    </p>
   </div>
   <div class='ocr_carea' id='block_1_2' title="bbox 139 283 1468 495">
    <p class='ocr_par' dir='ltr' id='par_1_2' title="bbox 139 283 1468 443">
     <span class='ocr_line' id='line_1_2' title="bbox 139 283 960 335; baseline -0.002 -13"><span class='ocrx_word' id='word_1_5' title='bbox 139 284 322 324; x_wconf 86' lang='lat' dir='ltr'>Invicem</span> <span class='ocrx_word' id='word_1_6' title='bbox 349 283 548 323; x_wconf 81' lang='lat' dir='ltr'><strong>moechos</strong></span> <span class='ocrx_word' id='word_1_7' title='bbox 577 296 678 321; x_wconf 86' lang='lat' dir='ltr'><strong>anus</strong></span> <span class='ocrx_word' id='word_1_8' title='bbox 716 287 960 335; x_wconf 75' lang='lat' dir='ltr'><strong>arrogantes</strong></span> 
     </span>
     <span class='ocr_line' id='line_1_3' title="bbox 139 335 1468 389; baseline -0.003 -13"><span class='ocrx_word' id='word_1_9' title='bbox 139 336 281 376; x_wconf 85' lang='lat' dir='ltr'><strong>Flebis</strong></span> <span class='ocrx_word' id='word_1_10' title='bbox 310 337 350 375; x_wconf 92' lang='lat' dir='ltr'><strong>in</strong></span> <span class='ocrx_word' id='word_1_11' title='bbox 377 337 468 376; x_wconf 91' lang='lat' dir='ltr'>solo</span> <span class='ocrx_word' id='word_1_12' title='bbox 497 335 602 375; x_wconf 89' lang='lat' dir='ltr'><strong>levis</strong></span> <span class='ocrx_word' id='word_1_13' title='bbox 639 336 884 389; x_wconf 76' lang='lat' dir='ltr'><strong>angiportu,</strong></span> <span class='ocrx_word' id='word_1_14' title='bbox 1419 345 1468 373; x_wconf 82' lang='lat'><strong>10</strong></span> 
     </span>
     <span class='ocr_line' id='line_1_4' title="bbox 140 387 1005 443; baseline -0.003 -13"><span class='ocrx_word' id='word_1_15' title='bbox 140 390 322 430; x_wconf 84' lang='lat' dir='ltr'><strong>Threeio</strong></span> <span class='ocrx_word' id='word_1_16' title='bbox 351 389 582 429; x_wconf 82' lang='lat' dir='ltr'>bacchante</span> <span class='ocrx_word' id='word_1_17' title='bbox 610 389 741 443; x_wconf 81' lang='lat' dir='ltr'><strong>magis</strong></span> <span class='ocrx_word' id='word_1_18' title='bbox 770 387 848 428; x_wconf 90' lang='lat' dir='ltr'><strong>sub</strong></span> <span class='ocrx_word' id='word_1_19' title='bbox 877 389 1005 428; x_wconf 89' lang='lat' dir='ltr'><strong>inter-</strong></span> 
     </span>
    </p>

    <p class='ocr_par' dir='ltr' id='par_1_3' title="bbox 403 443 695 495">
     <span class='ocr_line' id='line_1_5' title="bbox 403 443 695 495; baseline 0 -13"><span class='ocrx_word' id='word_1_20' title='bbox 403 443 515 482; x_wconf 88' lang='lat' dir='ltr'><strong>lunia</strong></span> <span class='ocrx_word' id='word_1_21' title='bbox 544 451 695 495; x_wconf 83' lang='lat' dir='ltr'><strong>vent03</strong></span> 
     </span>
    </p>
   </div>
   <div class='ocr_carea' id='block_1_3' title="bbox 140 516 1469 735">
    <p class='ocr_par' dir='ltr' id='par_1_4' title="bbox 145 516 1007 581">
     <span class='ocr_line' id='line_1_6' title="bbox 145 516 1007 581; baseline -0.002 -21"><span class='ocrx_word' id='word_1_22' title='bbox 145 519 289 581; x_wconf 78' lang='lat' dir='ltr'><strong>Quum</strong></span> <span class='ocrx_word' id='word_1_23' title='bbox 312 520 388 560; x_wconf 75' lang='lat' dir='ltr'><strong>tibi</strong></span> <span class='ocrx_word' id='word_1_24' title='bbox 415 519 595 575; x_wconf 82' lang='lat' dir='ltr'><strong>flagrans</strong></span> <span class='ocrx_word' id='word_1_25' title='bbox 624 532 764 568; x_wconf 77' lang='lat' dir='ltr'><strong>amor,</strong></span> <span class='ocrx_word' id='word_1_26' title='bbox 788 525 831 557; x_wconf 87' lang='lat' dir='ltr'><strong>et</strong></span> <span class='ocrx_word' id='word_1_27' title='bbox 855 516 1007 569; x_wconf 85' lang='lat' dir='ltr'><strong>libido,</strong></span> 
     </span>
    </p>

    <p class='ocr_par' dir='ltr' id='par_1_5' title="bbox 140 572 1025 632">
     <span class='ocr_line' id='line_1_7' title="bbox 140 572 1025 632; baseline -0.003 -18"><span class='ocrx_word' id='word_1_28' title='bbox 140 575 262 632; x_wconf 76' lang='lat' dir='ltr'><strong>Quae</strong></span> <span class='ocrx_word' id='word_1_29' title='bbox 292 575 401 614; x_wconf 86' lang='lat' dir='ltr'><strong>solet</strong></span> <span class='ocrx_word' id='word_1_30' title='bbox 427 582 581 613; x_wconf 84' lang='lat' dir='ltr'><strong>matres</strong></span> <span class='ocrx_word' id='word_1_31' title='bbox 609 572 768 612; x_wconf 84' lang='lat' dir='ltr'><strong>furiare</strong></span> <span class='ocrx_word' id='word_1_32' title='bbox 797 584 1025 625; x_wconf 82' lang='lat' dir='ltr'><strong>equorum,</strong></span> 
     </span>
    </p>

    <p class='ocr_par' dir='ltr' id='par_1_6' title="bbox 140 623 1469 735">
     <span class='ocr_line' id='line_1_8' title="bbox 140 623 1469 681; baseline -0.004 -12"><span class='ocrx_word' id='word_1_33' title='bbox 140 629 310 669; x_wconf 80' lang='lat' dir='ltr'>Saeviet</span> <span class='ocrx_word' id='word_1_34' title='bbox 330 628 441 668; x_wconf 85' lang='lat' dir='ltr'><strong>circa</strong></span> <span class='ocrx_word' id='word_1_35' title='bbox 461 627 580 681; x_wconf 85' lang='lat' dir='ltr'><strong>jecur</strong></span> <span class='ocrx_word' id='word_1_36' title='bbox 599 627 863 676; x_wconf 82' lang='lat' dir='ltr'><strong>ulcerosum3</strong></span> <span class='ocrx_word' id='word_1_37' title='bbox 1421 623 1469 664; x_wconf 82' lang='lat'><strong>15</strong></span> 
     </span>
     <span class='ocr_line' id='line_1_9' title="bbox 403 680 794 735; baseline -0.008 -15"><span class='ocrx_word' id='word_1_38' title='bbox 403 682 497 721; x_wconf 85' lang='lat' dir='ltr'><strong>Non</strong></span> <span class='ocrx_word' id='word_1_39' title='bbox 525 680 612 720; x_wconf 87' lang='lat' dir='ltr'><strong>sine</strong></span> <span class='ocrx_word' id='word_1_40' title='bbox 641 687 794 735; x_wconf 86' lang='lat' dir='ltr'><strong>questu</strong></span> 
     </span>
    </p>
   </div>
   <div class='ocr_carea' id='block_1_4' title="bbox 139 752 977 905">
    <p class='ocr_par' dir='ltr' id='par_1_7' title="bbox 139 752 977 905">
     <span class='ocr_line' id='line_1_10' title="bbox 140 752 920 812; baseline -0.006 -15"><span class='ocrx_word' id='word_1_41' title='bbox 140 761 271 798; x_wconf 83' lang='lat' dir='ltr'><strong>Laeta</strong></span> <span class='ocrx_word' id='word_1_42' title='bbox 303 756 420 812; x_wconf 85' lang='lat' dir='ltr'><strong>quod</strong></span> <span class='ocrx_word' id='word_1_43' title='bbox 447 755 582 810; x_wconf 85' lang='lat' dir='ltr'><strong>pubes</strong></span> <span class='ocrx_word' id='word_1_44' title='bbox 608 755 736 795; x_wconf 87' lang='lat' dir='ltr'><strong>edera</strong></span> <span class='ocrx_word' id='word_1_45' title='bbox 767 752 920 793; x_wconf 81' lang='lat' dir='ltr'><strong>virenti</strong></span> 
     </span>
     <span class='ocr_line' id='line_1_11' title="bbox 140 810 977 864; baseline -0.006 -13"><span class='ocrx_word' id='word_1_46' title='bbox 140 811 333 851; x_wconf 81' lang='lat' dir='ltr'>Gaudeat</span> <span class='ocrx_word' id='word_1_47' title='bbox 362 810 477 864; x_wconf 82' lang='lat' dir='ltr'><strong>pulla</strong></span> <span class='ocrx_word' id='word_1_48' title='bbox 502 810 633 864; x_wconf 81' lang='lat' dir='ltr'><strong>magis</strong></span> <span class='ocrx_word' id='word_1_49' title='bbox 662 816 789 862; x_wconf 86' lang='lat' dir='ltr'><strong>atque</strong></span> <span class='ocrx_word' id='word_1_50' title='bbox 817 815 977 860; x_wconf 84' lang='lat' dir='ltr'><strong>myrto,</strong></span> 
     </span>
     <span class='ocr_line' id='line_1_12' title="bbox 139 860 842 905; baseline -0.006 -1"><span class='ocrx_word' id='word_1_51' title='bbox 139 864 290 905; x_wconf 76' lang='lat' dir='ltr'><strong>Aridas</strong></span> <span class='ocrx_word' id='word_1_52' title='bbox 317 863 492 904; x_wconf 68' lang='lat' dir='ltr'><strong>frondes</strong></span> <span class='ocrx_word' id='word_1_53' title='bbox 519 862 679 903; x_wconf 86' lang='lat' dir='ltr'><strong>Hiemis</strong></span> <span class='ocrx_word' id='word_1_54' title='bbox 709 860 842 901; x_wconf 89' lang='lat' dir='ltr'><strong>sodali</strong></span> 
     </span>
    </p>
   </div>
   <div class='ocr_carea' id='block_1_5' title="bbox 402 914 1468 957">
    <p class='ocr_par' dir='ltr' id='par_1_8' title="bbox 402 914 1468 957">
     <span class='ocr_line' id='line_1_13' title="bbox 402 914 1468 957; baseline -0.004 0"><span class='ocrx_word' id='word_1_55' title='bbox 402 917 584 957; x_wconf 81' lang='lat' dir='ltr'><strong>Dedicet</strong></span> <span class='ocrx_word' id='word_1_56' title='bbox 620 914 785 955; x_wconf 84' lang='lat' dir='ltr'><strong>Hebro.</strong></span> <span class='ocrx_word' id='word_1_57' title='bbox 1417 926 1468 954; x_wconf 70' lang='lat'><strong>20</strong></span> 
     </span>
    </p>
   </div>
   <div class='ocr_carea' id='block_1_6' title="bbox 456 1088 1146 1218">
    <p class='ocr_par' dir='ltr' id='par_1_9' title="bbox 456 1088 1146 1218">
     <span class='ocr_line' id='line_1_14' title="bbox 616 1088 991 1130; baseline -0.003 -2"><span class='ocrx_word' id='word_1_58' title='bbox 616 1089 803 1128; x_wconf 67' lang='lat' dir='ltr'><strong>CARMEN</strong></span> <span class='ocrx_word' id='word_1_59' title='bbox 841 1088 991 1130; x_wconf 86' lang='lat' dir='ltr'>XXVI.</span> 
     </span>
     <span class='ocr_line' id='line_1_15' title="bbox 456 1174 1146 1218; baseline -0.001 -1"><span class='ocrx_word' id='word_1_60' title='bbox 456 1174 553 1217; x_wconf 28' lang='lat' dir='ltr'><strong>D&#39;E</strong></span> <span class='ocrx_word' id='word_1_61' title='bbox 590 1177 837 1218; x_wconf 89' lang='lat' dir='ltr'>AELIO</span> <span class='ocrx_word' id='word_1_62' title='bbox 885 1174 1146 1216; x_wconf 86' lang='lat' dir='ltr'>LAMIA.</span> 
     </span>
    </p>
   </div>
   <div class='ocr_carea' id='block_1_7' title="bbox 142 1265 1466 1350">
    <p class='ocr_par' dir='ltr' id='par_1_10' title="bbox 142 1265 1466 1350">
     <span class='ocr_line' id='line_1_16' title="bbox 210 1265 1466 1313; baseline -0.002 -12"><span class='ocrx_word' id='word_1_63' title='bbox 210 1270 316 1302; x_wconf 90' lang='lat' dir='ltr'><strong>Omni</strong></span> <span class='ocrx_word' id='word_1_64' title='bbox 351 1279 436 1302; x_wconf 85' lang='lat' dir='ltr'><strong>cura</strong></span> <span class='ocrx_word' id='word_1_65' title='bbox 455 1267 618 1310; x_wconf 75' lang='lat' dir='ltr'><strong>solutus,</strong></span> <span class='ocrx_word' id='word_1_66' title='bbox 651 1272 690 1300; x_wconf 85' lang='lat' dir='ltr'><strong>ut</strong></span> <span class='ocrx_word' id='word_1_67' title='bbox 713 1268 848 1313; x_wconf 70' lang='lat' dir='ltr'><strong>poeta,</strong></span> <span class='ocrx_word' id='word_1_68' title='bbox 882 1267 1039 1301; x_wconf 80' lang='lat' dir='ltr'>Lamiam</span> <span class='ocrx_word' id='word_1_69' title='bbox 1060 1267 1182 1299; x_wconf 83' lang='lat' dir='ltr'><strong>Musae</strong></span> <span class='ocrx_word' id='word_1_70' title='bbox 1207 1265 1466 1299; x_wconf 81' lang='lat' dir='ltr'><strong>celebrandum</strong></span> 
     </span>
     <span class='ocr_line' id='line_1_17' title="bbox 142 1315 382 1350; baseline -0.017 0"><span class='ocrx_word' id='word_1_71' title='bbox 142 1315 382 1350; x_wconf 82' lang='lat' dir='ltr'>commendat.</span> 
     </span>
    </p>
   </div>
   <div class='ocr_carea' id='block_1_8' title="bbox 623 1405 978 1447">
    <p class='ocr_par' dir='ltr' id='par_1_11' title="bbox 623 1405 978 1447">
     <span class='ocr_line' id='line_1_18' title="bbox 623 1405 978 1447; baseline -0.006 -10"><span class='ocrx_word' id='word_1_72' title='bbox 623 1405 776 1439; x_wconf 67' lang='lat' dir='ltr'><strong>flletrum</strong></span> <span class='ocrx_word' id='word_1_73' title='bbox 803 1405 919 1437; x_wconf 78' lang='lat' dir='ltr'><strong>Car-m.</strong></span> <span class='ocrx_word' id='word_1_74' title='bbox 943 1413 978 1447; x_wconf 79' lang='lat'><strong>9.</strong></span> 
     </span>
    </p>
   </div>
   <div class='ocr_carea' id='block_1_9' title="bbox 142 1486 946 1536">
    <p class='ocr_par' dir='ltr' id='par_1_12' title="bbox 142 1486 946 1536">
     <span class='ocr_line' id='line_1_19' title="bbox 142 1486 946 1536; baseline -0.002 -10"><span class='ocrx_word' id='word_1_75' title='bbox 142 1487 268 1526; x_wconf 89' lang='lat' dir='ltr'><strong>Musis</strong></span> <span class='ocrx_word' id='word_1_76' title='bbox 298 1486 473 1536; x_wconf 81' lang='lat' dir='ltr'><strong>amicus,</strong></span> <span class='ocrx_word' id='word_1_77' title='bbox 503 1486 712 1526; x_wconf 79' lang='lat' dir='ltr'><strong>tristitiam</strong></span> <span class='ocrx_word' id='word_1_78' title='bbox 740 1494 783 1525; x_wconf 87' lang='lat' dir='ltr'><strong>et</strong></span> <span class='ocrx_word' id='word_1_79' title='bbox 809 1493 946 1524; x_wconf 85' lang='lat' dir='ltr'><strong>metus</strong></span> 
     </span>
    </p>
   </div>
   <div class='ocr_carea' id='block_1_10' title="bbox 74 1539 1028 1592">
    <p class='ocr_par' dir='ltr' id='par_1_13' title="bbox 74 1539 1028 1592">
     <span class='ocr_line' id='line_1_20' title="bbox 74 1539 1028 1592; baseline -0.002 -12"><span class='ocrx_word' id='word_1_80' title='bbox 74 1550 85 1557; x_wconf 74' lang='lat'><strong><em>‘</em></strong></span> <span class='ocrx_word' id='word_1_81' title='bbox 143 1540 324 1580; x_wconf 82' lang='lat' dir='ltr'><strong>Tradam</strong></span> <span class='ocrx_word' id='word_1_82' title='bbox 353 1540 565 1592; x_wconf 84' lang='lat' dir='ltr'><strong>protervis</strong></span> <span class='ocrx_word' id='word_1_83' title='bbox 593 1540 634 1578; x_wconf 89' lang='lat' dir='ltr'><strong>in</strong></span> <span class='ocrx_word' id='word_1_84' title='bbox 663 1553 778 1578; x_wconf 84' lang='lat' dir='ltr'><strong>mare</strong></span> <span class='ocrx_word' id='word_1_85' title='bbox 817 1539 1028 1578; x_wconf 80' lang='lat' dir='ltr'><strong>Creticum</strong></span> 
     </span>
    </p>
   </div>
   <div class='ocr_carea' id='block_1_11' title="bbox 195 1591 944 1700">
    <p class='ocr_par' dir='ltr' id='par_1_14' title="bbox 195 1591 944 1700">
     <span class='ocr_line' id='line_1_21' title="bbox 195 1591 944 1647; baseline 0 -15"><span class='ocrx_word' id='word_1_86' title='bbox 195 1594 375 1633; x_wconf 81' lang='lat' dir='ltr'><strong>Portare</strong></span> <span class='ocrx_word' id='word_1_87' title='bbox 405 1594 559 1645; x_wconf 79' lang='lat' dir='ltr'><strong>ventis⁷</strong></span> <span class='ocrx_word' id='word_1_88' title='bbox 587 1592 678 1647; x_wconf 81' lang='lat' dir='ltr'><strong>quis</strong></span> <span class='ocrx_word' id='word_1_89' title='bbox 710 1591 786 1632; x_wconf 90' lang='lat' dir='ltr'><strong>sub</strong></span> <span class='ocrx_word' id='word_1_90' title='bbox 814 1593 944 1632; x_wconf 85' lang='lat' dir='ltr'>Arcto</span> 
     </span>
     <span class='ocr_line' id='line_1_22' title="bbox 246 1646 917 1700; baseline -0.001 -13"><span class='ocrx_word' id='word_1_91' title='bbox 246 1648 339 1687; x_wconf 85' lang='lat' dir='ltr'><strong>Rex</strong></span> <span class='ocrx_word' id='word_1_92' title='bbox 365 1646 528 1700; x_wconf 76' lang='lat' dir='ltr'><strong>gelidae</strong></span> <span class='ocrx_word' id='word_1_93' title='bbox 557 1655 768 1686; x_wconf 83' lang='lat' dir='ltr'><strong>metuatur</strong></span> <span class='ocrx_word' id='word_1_94' title='bbox 795 1659 917 1697; x_wconf 79' lang='lat' dir='ltr'><strong>orae,</strong></span> 
     </span>
    </p>
   </div>
   <div class='ocr_carea' id='block_1_12' title="bbox 82 1731 1467 1948">
    <p class='ocr_par' dir='ltr' id='par_1_15' title="bbox 143 1731 1467 1842">
     <span class='ocr_line' id='line_1_23' title="bbox 145 1731 1467 1793; baseline -0.002 -21"><span class='ocrx_word' id='word_1_95' title='bbox 145 1732 261 1793; x_wconf 75' lang='lat' dir='ltr'><strong>Quid</strong></span> <span class='ocrx_word' id='word_1_96' title='bbox 289 1732 504 1773; x_wconf 84' lang='lat' dir='ltr'><strong>Tiridaten</strong></span> <span class='ocrx_word' id='word_1_97' title='bbox 532 1742 710 1782; x_wconf 75' lang='lat' dir='ltr'><strong>terreat,</strong></span> <span class='ocrx_word' id='word_1_98' title='bbox 746 1731 868 1771; x_wconf 85' lang='lat' dir='ltr'><strong>unice</strong></span> <span class='ocrx_word' id='word_1_99' title='bbox 1440 1731 1467 1771; x_wconf 87' lang='grc'><em>5</em></span> 
     </span>
     <span class='ocr_line' id='line_1_24' title="bbox 143 1784 997 1842; baseline 0.002 -16"><span class='ocrx_word' id='word_1_100' title='bbox 143 1788 341 1826; x_wconf 79' lang='lat' dir='ltr'><strong>Securus.</strong></span> <span class='ocrx_word' id='word_1_101' title='bbox 375 1784 438 1838; x_wconf 79' lang='lat' dir='ltr'><strong>O,</strong></span> <span class='ocrx_word' id='word_1_102' title='bbox 467 1801 575 1842; x_wconf 88' lang='lat' dir='ltr'><strong>quae</strong></span> <span class='ocrx_word' id='word_1_103' title='bbox 603 1785 789 1826; x_wconf 84' lang='lat' dir='ltr'><strong>fontibus</strong></span> <span class='ocrx_word' id='word_1_104' title='bbox 826 1785 997 1842; x_wconf 81' lang='lat' dir='ltr'><strong>integris</strong></span> 
     </span>
    </p>

    <p class='ocr_par' dir='ltr' id='par_1_16' title="bbox 82 1839 949 1948">
     <span class='ocr_line' id='line_1_25' title="bbox 82 1839 919 1894; baseline -0.001 -14"><span class='ocrx_word' id='word_1_105' title='bbox 82 1843 84 1845; x_wconf 74' lang='grc'>’</span> <span class='ocrx_word' id='word_1_106' title='bbox 198 1839 391 1889; x_wconf 77' lang='lat' dir='ltr'><strong>Gaudes,</strong></span> <span class='ocrx_word' id='word_1_107' title='bbox 418 1842 580 1894; x_wconf 86' lang='lat' dir='ltr'><strong>apricos</strong></span> <span class='ocrx_word' id='word_1_108' title='bbox 608 1848 732 1879; x_wconf 87' lang='lat' dir='ltr'><strong>necte</strong></span> <span class='ocrx_word' id='word_1_109' title='bbox 769 1839 919 1892; x_wconf 79' lang='lat' dir='ltr'><strong>flores,</strong></span> 
     </span>
     <span class='ocr_line' id='line_1_26' title="bbox 246 1893 949 1948; baseline 0.003 -16"><span class='ocrx_word' id='word_1_110' title='bbox 246 1895 380 1932; x_wconf 86' lang='lat' dir='ltr'><strong>Necte</strong></span> <span class='ocrx_word' id='word_1_111' title='bbox 407 1908 503 1935; x_wconf 90' lang='lat' dir='ltr'><strong>meo</strong></span> <span class='ocrx_word' id='word_1_112' title='bbox 530 1893 698 1933; x_wconf 85' lang='lat' dir='ltr'><strong>Lamiae</strong></span> <span class='ocrx_word' id='word_1_113' title='bbox 727 1907 949 1948; x_wconf 83' lang='lat' dir='ltr'><strong>coronam,</strong></span> 
     </span>
    </p>
   </div>
   <div class='ocr_carea' id='block_1_13' title="bbox 150 2005 407 2016">
    <p class='ocr_par' dir='ltr' id='par_1_17' title="bbox 150 2005 407 2016">
     <span class='ocr_line' id='line_1_27' title="bbox 150 2005 407 2016; baseline 0 388"><span class='ocrx_word' id='word_1_114' title='bbox 150 2005 407 2016; x_wconf 95' lang='lat' dir='ltr'><strong> </strong></span> 
     </span>
    </p>
   </div>
   <div class='ocr_carea' id='block_1_14' title="bbox 143 2061 1461 2150">
    <p class='ocr_par' dir='ltr' id='par_1_18' title="bbox 143 2061 1461 2150">
     <span class='ocr_line' id='line_1_28' title="bbox 210 2061 1461 2114; baseline -0.001 -11"><span class='ocrx_word' id='word_1_115' title='bbox 210 2083 245 2104; x_wconf 84' lang='lat' dir='ltr'><strong>v.</strong></span> <span class='ocrx_word' id='word_1_116' title='bbox 260 2081 314 2106; x_wconf 63' lang='grc' dir='ltr'><strong>πο.</strong></span> <span class='ocrx_word' id='word_1_117' title='bbox 339 2071 410 2102; x_wconf 82' lang='lat' dir='ltr'><strong>Pro</strong></span> <span class='ocrx_word' id='word_1_118' title='bbox 436 2061 550 2102; x_wconf 79' lang='lat' dir='ltr'><strong>Hebro</strong></span> <span class='ocrx_word' id='word_1_119' title='bbox 576 2070 646 2101; x_wconf 74' lang='lat' dir='ltr'><strong>sive</strong></span> <span class='ocrx_word' id='word_1_120' title='bbox 671 2070 767 2102; x_wconf 86' lang='lat' dir='ltr'><em>Ebro</em></span> <span class='ocrx_word' id='word_1_121' title='bbox 793 2082 883 2114; x_wconf 84' lang='lat' dir='ltr'><strong>quae</strong></span> <span class='ocrx_word' id='word_1_122' title='bbox 907 2073 1017 2105; x_wconf 81' lang='lat' dir='ltr'><strong>lectio</strong></span> <span class='ocrx_word' id='word_1_123' title='bbox 1043 2076 1096 2104; x_wconf 83' lang='lat' dir='ltr'><strong>est</strong></span> <span class='ocrx_word' id='word_1_124' title='bbox 1121 2070 1304 2111; x_wconf 88' lang='lat' dir='ltr'><strong>codicum,</strong></span> <span class='ocrx_word' id='word_1_125' title='bbox 1330 2070 1461 2103; x_wconf 76' lang='lat' dir='ltr'><strong>multae</strong></span> 
     </span>
     <span class='ocr_line' id='line_1_29' title="bbox 143 2115 1199 2150; baseline -0.002 -1"><span class='ocrx_word' id='word_1_126' title='bbox 143 2117 235 2149; x_wconf 80' lang='lat' dir='ltr'><strong>Edd.</strong></span> <span class='ocrx_word' id='word_1_127' title='bbox 263 2128 281 2149; x_wconf 90' lang='lat' dir='ltr'><strong>e</strong></span> <span class='ocrx_word' id='word_1_128' title='bbox 304 2115 449 2149; x_wconf 77' lang='lat' dir='ltr'><strong>Bentlci</strong></span> <span class='ocrx_word' id='word_1_129' title='bbox 473 2115 647 2146; x_wconf 76' lang='lat' dir='ltr'><strong>sententia</strong></span> <span class='ocrx_word' id='word_1_130' title='bbox 664 2116 783 2149; x_wconf 78' lang='grc' dir='ltr'><strong>,Ειιι-ο.</strong></span> <span class='ocrx_word' id='word_1_131' title='bbox 810 2117 889 2149; x_wconf 88' lang='lat' dir='ltr'><strong>Vid.</strong></span> <span class='ocrx_word' id='word_1_132' title='bbox 913 2117 1032 2150; x_wconf 85' lang='lat' dir='ltr'><strong>Bentl.</strong></span> <span class='ocrx_word' id='word_1_133' title='bbox 1059 2122 1095 2149; x_wconf 86' lang='lat' dir='ltr'><strong>et</strong></span> <span class='ocrx_word' id='word_1_134' title='bbox 1115 2117 1199 2150; x_wconf 79' lang='lat' dir='ltr'><strong>Fea.</strong></span> 
     </span>
    </p>
   </div>
   <div class='ocr_carea' id='block_1_15' title="bbox 145 2174 1460 2265">
    <p class='ocr_par' dir='ltr' id='par_1_19' title="bbox 145 2174 1460 2265">
     <span class='ocr_line' id='line_1_30' title="bbox 209 2174 1460 2220; baseline 0.001 -13"><span class='ocrx_word' id='word_1_135' title='bbox 209 2176 349 2217; x_wconf 79' lang='lat' dir='ltr'><strong>XXVI,</strong></span> <span class='ocrx_word' id='word_1_136' title='bbox 372 2188 408 2208; x_wconf 83' lang='grc' dir='ltr'><strong>υ.</strong></span> <span class='ocrx_word' id='word_1_137' title='bbox 425 2176 455 2208; x_wconf 87' lang='grc'><strong>3.</strong></span> <span class='ocrx_word' id='word_1_138' title='bbox 486 2175 552 2220; x_wconf 80' lang='lat' dir='ltr'><strong>qni</strong></span> <span class='ocrx_word' id='word_1_139' title='bbox 571 2174 635 2206; x_wconf 81' lang='lat' dir='ltr'><strong>sub</strong></span> <span class='ocrx_word' id='word_1_140' title='bbox 660 2174 754 2208; x_wconf 86' lang='lat' dir='ltr'><strong>Cod.</strong></span> <span class='ocrx_word' id='word_1_141' title='bbox 779 2176 900 2209; x_wconf 84' lang='lat' dir='ltr'><strong>Bentl.</strong></span> <span class='ocrx_word' id='word_1_142' title='bbox 923 2195 967 2201; x_wconf 96' lang='lat'>—</span> <span class='ocrx_word' id='word_1_143' title='bbox 996 2188 1032 2210; x_wconf 85' lang='lat' dir='ltr'><strong>v.</strong></span> <span class='ocrx_word' id='word_1_144' title='bbox 1058 2177 1089 2210; x_wconf 83' lang='lat'><strong>5.</strong></span> <span class='ocrx_word' id='word_1_145' title='bbox 1114 2176 1168 2208; x_wconf 84' lang='lat' dir='ltr'><strong>Ita</strong></span> <span class='ocrx_word' id='word_1_146' title='bbox 1191 2174 1311 2208; x_wconf 75' lang='lat' dir='ltr'><strong>Bentl.</strong></span> <span class='ocrx_word' id='word_1_147' title='bbox 1335 2175 1460 2209; x_wconf 72' lang='lat' dir='ltr'><strong>Lectio</strong></span> 
     </span>
     <span class='ocr_line' id='line_1_31' title="bbox 145 2219 1241 2265; baseline 0.001 -13"><span class='ocrx_word' id='word_1_148' title='bbox 145 2222 235 2265; x_wconf 73' lang='lat' dir='ltr'><strong>vulg.</strong></span> <span class='ocrx_word' id='word_1_149' title='bbox 263 2220 462 2255; x_wconf 72' lang='lat' dir='ltr'><strong>Tiridatem.</strong></span> <span class='ocrx_word' id='word_1_150' title='bbox 491 2219 646 2263; x_wconf 86' lang='lat' dir='ltr'><strong>Quidam</strong></span> <span class='ocrx_word' id='word_1_151' title='bbox 671 2221 786 2255; x_wconf 88' lang='lat' dir='ltr'><strong>Codd.</strong></span> <span class='ocrx_word' id='word_1_152' title='bbox 811 2223 971 2256; x_wconf 80' lang='lat' dir='ltr'><strong>Lambin.</strong></span> <span class='ocrx_word' id='word_1_153' title='bbox 994 2219 1241 2255; x_wconf 77' lang='lat' dir='ltr'><strong>Mithridatem.</strong></span> 
     </span>
    </p>
   </div>
  </div>
 </body>
</html>
