1526 2404
95 172 159 233 40⁸
547 194 588 236 Q·
615 193 801 221 nonA'rn
827 191 986 221 naec:

98 289 255 329 Terret
280 286 383 340 fixa,
410 294 614 342 vetatque
641 285 763 326 novis
792 285 1014 326 considere
1041 286 1084 326 in
1121 285 1268 326 hortis.

94 342 192 381 Huc
218 343 335 395 prius
365 341 551 402 angustis
579 341 714 380 eiecta
742 338 948 379 cadavera
976 338 1092 379 cellis

97 394 337 435 Conservus
369 394 439 434 vih
466 393 674 447 portanda
699 391 865 431 locabat
889 392 931 431 in
960 404 1068 431 arca.

94 448 190 486 Hoc
220 447 401 486 miserae
427 445 546 499 plebi
573 445 717 485 stabat·
737 457 959 485 commune
995 443 1262 498 sepulcrum,
1378 455 1426 482 no

93 500 327 539 Pantolabo
361 509 532 539 scurrae
559 500 910 551 Nomentanoque
943 497 1106 550 nepoti.

91 552 207 592 Mille
238 553 370 606 pedes
397 553 440 590 in
467 551 633 601 fronte,
662 557 876 590 trecentos
905 551 1052 604 cippus
1079 549 1122 588 in
1151 555 1299 603 agrum

92 603 174 644 Hic
203 605 327 644 dabat
337 619 349 656 3
377 602 561 644 heredes
589 611 906 642 monumentum
934 617 987 643 ne
1018 610 1283 658 sequeretur.

91 658 212 697 Nunc
238 658 339 697 licet
365 657 569 718 Exquiliis
597 656 787 695 habitare
816 654 1078 704 salubribus,
1109 663 1236 710 atque
1402 698 1406 701 Δ

91 710 267 764 Angere
294 711 337 749 in
365 723 507 763 aprico
538 709 728 763 spatiari,
759 722 841 763 qua
869 708 997 748 modo
1025 708 1166 747 tristes
1372 703 1421 746 15

90 762 142 801 A]
177 765 209 802 is
237 763 464 802 informem
491 762 738 816 spectabant
767 760 928 799 ossibus
959 775 1128 815 agrum,

92 814 235 872 Quum
262 816 365 855 mihi
391 829 476 855 non
506 823 666 855 tantum
696 814 903 869 furesque
928 812 1048 853 ferae
1080 826 1157 863 ue,
1184 818 1332 853 suetae

90 871 216 908 Hunc
243 882 399 908 vexare
427 869 591 918 locum,
619 880 746 907 curae
783 874 879 906 sunt
906 873 1031 921 atque
1077 865 1218 916 abori,

91 921 307 979 Quantum
339 921 589 961 carminibus
613 934 719 975 quae
752 928 918 960 versant
943 927 1069 974 atque
1097 918 1270 958 venenis

89 978 307 1015 Humanos
336 974 506 1013 animos.
534 975 622 1025 Has
650 973 766 1021 nullo
795 972 978 1025 perdere
1009 985 1183 1025 possum
1372 974 1426 1012 2‘0

87 1030 178 1068 Nec
206 1027 436 1080 prohibere
465 1026 618 1076 modo,
648 1025 820 1065 simulac
847 1037 955 1079 vaga
980 1026 1099 1064 Luna
1127 1025 1335 1064 decorum

88 1080 274 1121 Protulit
301 1092 370 1129 os,
400 1080 500 1133 quin
528 1092 623 1118 ossa
650 1080 793 1132 legant
816 1077 1054 1132 herbasque
1082 1085 1298 1118 nocentes.

89 1133 192 1175 Vidi
222 1140 393 1186 egomet
420 1132 539 1184 nigra
567 1131 819 1170 succinctam
848 1135 1006 1170 vadere
1028 1131 1139 1182 palla

92 1184 326 1234 Canidiam,
354 1183 533 1236 pedibus
566 1183 710 1232 nudis,
738 1196 861 1234 passo
895 1197 948 1221 ue
979 1182 1156 1234 capillo,

91 1239 198 1278 Cum
227 1237 280 1275 Sa
312 1251 387 1274 ana
413 1235 572 1274 maiore
599 1235 841 1273 ululantem.
909 1235 1014 1273 allor
1040 1241 1242 1289 utrasque
1374 1231 1426 1276 25

89 1291 272 1330 Fecerat
283 1250 532 1328 ghorrendas
562 1287 776 1340 adspectu.
807 1286 1013 1340 Scalpere
1043 1294 1202 1326 terram

91 1342 332 1396 Unguibus,
361 1349 404 1379 et
429 1341 588 1393 pullam
618 1340 823 1380 divellere
850 1339 1063 1379 mordicus
1095 1353 1244 1401 agnam

90 1396 357 1448 Coeperunt3
386 1406 513 1432 cruor
542 1394 585 1432 in
612 1392 771 1431 fossam
801 1392 1027 1442 confusus,
1052 1400 1100 1431 ut
1126 1393 1226 1432 inde

87 1450 231 1487 Manes
261 1446 484 1495 elicerent,
514 1446 666 1484 animas
695 1458 898 1497 responsa
926 1445 1106 1484 daturas.

86 1502 229 1540 Lanea
255 1506 298 1538 et
327 1496 491 1551 effigies
519 1506 630 1548 erat,
660 1497 793 1537 altera
821 1510 966 1548 cerea;
996 1497 1132 1537 maior
1369 1494 1423 1540 30·

86 1554 248 1602 Lanea,
278 1557 385 1604 quae
413 1551 561 1603 poenis
591 1554 883 1603 compesceret
902 1549 1172 1590 inferiorem.

90 1606 227 1645 Cerea
255 1603 502 1655 suppliciter
530 1602 687 1653 stabat,
717 1602 938 1642 servilibus
967 1611 1016 1642 ut
1046 1615 1155 1657 quae

89 1658 175 1696 Iam
199 1656 389 1710 peritura
419 1655 566 1694 modis.
595 1657 787 1694 Hecaten
814 1663 939 1695 vocat
967 1656 1122 1706 altera,
1153 1665 1322 1697 saevam

86 1711 234 1750 Altera
260 1708 518 1760 Tisiphonen
527 1723 539 1759 3
570 1716 790 1761 serpentes
825 1716 950 1762 atque
979 1707 1148 1747 videres

88 1762 277 1809 Infernas
307 1774 450 1801 errare
480 1774 627 1812 caneS,
654 1762 878 1816 lunamque
906 1759 1155 1812 rubentem,
1366 1754 1421 1802 35

157 1897 271 1945 VIII,
295 1914 332 1935 v.
358 1905 389 1946 7.
407 1900 507 1947 fissa
529 1912 596 1946 pro
609 1899 698 1946 fixa
721 1901 795 1933 Fea
820 1911 863 1933 ex
890 1896 1111 1936 coniectura.
1138 1901 1192 1934 cf.
1217 1900 1319 1934 Both.
1343 1899 1417 1940 An-

85 1954 213 1981 notatt.
237 1966 284 1973 —
315 1959 351 1980 v.
381 1950 433 1991 ¹4·
459 1947 636 1992 Esquiliis
658 1947 732 1979 Fea
757 1950 863 1989 quem
890 1947 973 1979 vid.
997 1945 1103 1989 Vulg.
1129 1941 1320 1992 Esquiliasu
1351 1937 1415 1977 ali-

87 1998 177 2036 quot
202 1993 294 2024 Edd.
320 1992 514 2038 Aesquilizlc.
539 2010 583 2016 —·
606 2004 641 2024 v.
668 1992 720 2024 15.
745 2003 816 2035 quo
844 2002 966 2024 omnes
992 1991 1108 2025 Codd.
1133 2002 1207 2036 qua
1229 1990 1344 2023 Bentl.
1370 2000 1416 2022 ex

87 2038 318 2078 coniectura,
343 2038 506 2080 plurimis
520 2037 609 2068 Edd.
634 2036 866 2079 sequentibus
892 2037 946 2069 Cs.
961 2036 1129 2075 Iahn.,—-
1153 2047 1189 2068 v.
1209 2045 1260 2077 ¹9·
1287 2036 1417 2074 vexant

87 2081 204 2114 Codd.
232 2083 370 2124 aliquot
396 2082 504 2122 Feae,
530 2082 694 2113 aliorum.
729 2098 774 2104 ——
812 2092 848 2112 v.
873 2091 927 2124 29.
966 2082 1115 2123 Comma
1145 2078 1229 2125 post
1264 2079 1413 2112 verbum

87 2126 246 2158 elicerent
270 2126 404 2158 tollunt
425 2127 498 2158 Fen
522 2128 557 2158 et
583 2125 686 2161 B01h.
711 2122 892 2157 Annotait.
921 2137 1010 2169 quos
1034 2125 1116 2158 Vid.
1149 2143 1195 2150 —-
1228 2135 1264 2156 v.
1292 2125 1346 2157 32.
1372 2132 1415 2157 ut

85 2182 178 2216 qnae
204 2182 222 2203 e
250 2170 365 2202 Codd.
392 2170 507 2204 Bentl.
529 2170 637 2213 vulg.
665 2179 785 2215 utque.
808 2169 948 2202 Iahnius
967 2181 1047 2203 cum
1066 2168 1209 2203 Wakef.
1234 2168 1412 2202 ser-vuibus

86 2214 197 2248 modis
222 2215 268 2248 ad
293 2215 411 2248 stabat
432 2215 592 2249 reserens
614 2216 699 2259 post
720 2214 900 2247 servilibus
923 2219 960 2249 et
979 2215 1139 2260 perintra
1162 2213 1299 2247 incidit.
