1526 2404
439 169 667 202 cunnum
695 173 781 205 mu.
815 161 875 213 11,
903 174 968 203 20.
1167 156 1175 164 ’
1232 161 1239 168 ”
1322 166 1375 217 73
1416 200 1422 206 .

547 330 737 373 Cannu
774 333 867 374 XX.

446 429 527 470 AD
562 429 969 473 MAECENATEM.

113 526 274 561 Nominis
305 530 360 562 mi
395 529 698 562 immortalitatem
726 531 938 564 vaticinatur
972 537 1084 576 poeta
1116 533 1183 566 nub
1222 534 1372 575 imagine

45 573 170 616 cycni,
193 573 230 605 in
255 585 363 618 quem
383 574 672 607 transformatum
692 585 731 608 se
750 579 865 609 terras
887 578 1093 621 relinquere
1121 584 1159 612 et
1181 580 1217 612 in
1231 581 1374 612 coelum
1406 601 1412 606 -

43 616 268 661 fertqfingit.

511 693 675 730 Men-um
697 697 890 732 Alcaicum.

48 781 143 822 Nou
169 781 340 833 usitata,
366 795 450 822 non
476 784 592 823 tenui
618 784 734 825 ferar
951 828 975 834 .„

45 836 190 874 Peuna
209 834 403 875 biformis
429 849 509 896 per
527 836 730 891 liquidum
757 839 929 880 aethera

94 888 247 938 Vates»,
271 901 408 943 neque
435 903 477 927 m
503 891 628 929 terris
656 891 856 933 morabor

149 941 335 996 Longius
349 970 359 988 ,
387 940 625 997 invidiaque
654 945 788 984 maior

45 1013 181 1054 Urbes
208 1015 452 1071 relinquam.
480 1018 575 1056 Non
603 1031 684 1071 ego
711 1031 943 1071 pauperum

47 1067 222 1129 Sanguis
250 1078 498 1122 parentum,
524 1084 609 1109 non
636 1084 740 1124 ego,
760 1085 887 1125 quem
910 1086 1050 1124 vocas,

97 1121 264 1160 Dllecte
289 1122 528 1172 Maecenas,
557 1123 707 1174 obib03

150 1175 239 1213 Nec
265 1173 409 1229 Stygia
434 1175 667 1215 cohibebor
691 1176 813 1215 unda.

44 1246 130 1285 Iam
157 1245 240 1286 iam
264 1250 453 1291 residunt
482 1250 674 1291 cruribus
704 1265 877 1305 asperae

43 1299 208 1350 Pelles,
234 1309 277 1340 et
302 1301 441 1343 album
467 1312 608 1343 mutor
636 1305 678 1343 in
705 1306 845 1344 alitem
1326 1324 1372 1349 ιο

97 1350 309 1444 superna,
335 1366 642 1412 nascunturque
669 1358 785 1398 leves

188 1418 236 1445 er
263 1406 416 1462 digitos
442 1410 724 1465 humerosque
751 1411 933 1464 plumae.

44 1480 131 1518 Iam
157 1480 371 1523 Daedaleo
400 1486 518 1526 ocior
545 1486 665 1524 Icaro

44 1532 187 1576 Visam
214 1538 416 1588 gementis
443 1539 567 1578 litora
593 1537 800 1591 Bospori,

98 1584 326 1642 Syrtesque
357 1590 553 1631 Gaetulas
585 1604 760 1630 canorus
1328 1593 1375 1632 15

150 1638 251 1678 Ales
277 1642 661 1698 Hyperboreosque
689 1657 870 1696 campos.

1347 1025 1375 1064 ΕΠ

45 1713 114 1752 Me
141 1714 345 1765 Colchus,
374 1723 417 1754 et
472 1717 516 1755 ui
544 1717 772 1758 dissimulat
797 1726 957 1758 metum

45 1767 208 1807 Marsae
235 1768 421 1809 cohortis
493 1783 614 1822 aeus,
641 1779 685 1811 et
710 1772 844 1811 ultimi

113 1923 204 1967 XX,
229 1938 260 1958 v.
279 1937 309 1959 1.
331 1926 387 1959 Ita
401 1924 520 1960 Godd.
546 1928 683 1972 aliquot
698 1927 814 1961 Bentl.
831 1933 865 1960 et
882 1927 997 1960 Vand.
1021 1928 1165 1972 plurimi
1180 1935 1298 1962 tamen
1314 1941 1376 1962 nec

49 1970 155 2000 tenui.
185 1988 232 1996 —-
258 1983 295 2003 v.
316 1973 350 2004 6.
387 1983 488 2017 quem
512 1981 639 2005 vocant
659 1975 753 2006 coni.
787 1974 901 2006 Bentl.
930 1985 1030 2018 quem
1057 1983 1150 2006 vetas
1174 1976 1251 2007 scil.
1276 1975 1371 2006 obit-e

47 2011 150 2045 Both.
173 2015 210 2047 in
233 2014 416 2049 Annotatt.
442 2017 635 2058 Nonnulli,
661 2024 701 2050 ut
725 2029 839 2063 nuper
854 2017 996 2050 Jahnius
1018 2020 1255 2061 coniungunt,
1271 2031 1372 2064 quem

50 2068 174 2097 vocas:
198 2058 381 2101 ‚,dilecte“.
413 2079 459 2085 —
485 2073 520 2093 v.
548 2072 598 2094 ιι.
622 2074 775 2106 superna
801 2062 891 2095 Cod.
919 2063 1015 2107 apud
1043 2064 1173 2096 Mutet.
1198 2070 1233 2096 et
1258 2065 1372 2096 bentl-

49 2101 112 2134 sed
136 2114 258 2137 omnes
282 2105 356 2139 fere
379 2106 508 2150 reliqui
532 2118 679 2151 superne
703 2107 756 2139 Cf.
783 2108 895 2141 Bentl.
921 2126 967 2132 —-
999 2119 1036 2140 v.
1055 2110 1106 2140 13.
1129 2110 1248 2141 notior·
1267 2109 1373 2142 Icmto

49 2145 158 2221 gnus.
169 2149 264 2193 apud
286 2150 399 2184 Bentl.
432 2157 468 2184 et
503 2156 576 2184 tres
610 2151 727 2184 Codd.
752 2153 866 2186 Vand.
900 2153 1012 2185 tutior
1042 2154 1137 2186 coni.
1177 2153 1290 2186 Bentl.
1315 2150 1372 2186 Cf.

85 2200 218 2237 oen-mg.
