1526 2404
141 146 219 201 ⁵46
586 161 630 203 q.
655 160 841 191 nona-ru
866 160 1024 193 ruem

136 256 275 296 Recte
298 268 433 296 necne
459 267 634 296 crocum
660 251 875 310 floresque
901 251 1166 318 perambulet
1192 250 1320 295 Attae

136 310 298 350 Fabula
325 310 359 348 si
386 308 598 358 dubitem,
627 309 805 349 clament
831 309 1006 363 perlisse
1061 308 1241 348 udorem
1402 306 1457 349 80

139 363 288 402 Cuncti
314 375 446 416 paene
474 369 638 415 patres,
668 376 716 401 ea
745 376 875 419 quum
901 376 1029 416 repre
1060 361 1214 402 endere
1245 374 1396 413 coner,

137 415 258 468 Quae
289 416 427 470 gravis
456 416 671 468 Aesopus,
700 429 807 469 quae
836 416 984 457 doctus
1012 414 1190 455 Roscius
1217 427 1240 454 e
1274 415 1325 454 it:

137 469 221 510 Vel
250 470 346 524 quia
372 468 429 507 nil
456 476 643 518 rectum,
671 469 748 507 nisi
777 469 893 523 quod
921 469 1078 522 placuit
1105 466 1206 516 sibi,
1260 475 1413 519 ucunt3

135 522 219 563 Vel
248 522 344 577 quia
371 530 498 575 turpe
525 529 674 575 putant
699 535 851 575 parere
879 522 1133 572 minoribus,
1157 527 1226 572 et,
1253 534 1361 576 quae

135 575 322 615 Imberbi
350 575 560 625 didicere,
590 589 708 614 senes
736 576 953 628 perdenda
976 574 1116 615 fateri.
1402 573 1457 614 85

135 630 221 668 Iam
249 629 406 668 Saliare
430 629 588 667 Numae
620 642 786 668 carmen
814 630 887 683 qui
913 629 1075 678 laudat,
1104 634 1148 667 et
1173 623 1303 676 illud,

137 682 267 740 Quod
295 696 460 721 meeum
492 682 680 736 ignorat,
708 682 820 721 solus
847 683 940 722 vult
971 681 1080 721 scire
1107 678 1267 721 videris

135 735 314 790 Ingeniis
342 750 426 776 non
452 734 523 774 ille
553 735 668 775 favet
694 735 941 790 plauditque
979 734 1176 788 sepultis,

83 822 85 826 .
134 790 289 829 Nostra
315 789 390 828 sed
417 788 654 842 impugnat,
682 802 758 828 nos
786 797 1014 843 nostraqua
1042 787 1194 829 lividus
1223 783 1326 825 odit.

137 843 268 897 Quod
295 842 329 881 si
357 849 442 881 tam
471 841 643 881 Graecis
671 841 832 882 novitas
860 842 991 883 invisa
1021 840 1193 887 fuisset,
1404 849 1457 889 qo

138 900 275 946 Quam
300 895 420 935 nobis
433 925 445 946 ‚
466 894 567 949 quid
586 908 693 934 nunc
723 903 836 934 esset
857 894 1010 935 vetus?
1031 902 1102 933 aut
1132 890 1235 948 quid
1253 890 1460 942 haberet,

136 949 266 1003 Quod
292 949 458 1001 legeret
485 955 732 1002 tereretque
759 948 929 989 viritim=
946 947 1141 1002 publicus
1167 942 1300 984 usus?

133 1003 191 1042 Ut
218 1002 399 1055 primum
427 1001 573 1055 positis
603 1001 751 1054 nugari
785 1002 962 1041 Graecia
989 1001 1111 1041 bellis

137 1055 311 1108 Coepit,
341 1062 384 1094 et
411 1055 452 1093 in
479 1054 626 1095 vitium
653 1055 824 1094 fortuna
851 1055 984 1094 labier
1012 1068 1165 1108 aequa,

134 1110 254 1147 Nunc
285 1107 534 1147 athletarum
560 1107 730 1156 studiis,
756 1121 865 1147 nunc
885 1108 986 1146 arsit
1015 1120 1246 1161 equorum,
1405 1104 1458 1156 95

133 1161 355 1200 Marmoris
384 1168 454 1198 aut
483 1160 623 1198 eboris
651 1160 796 1199 fabros
826 1168 897 1199 aut
924 1160 1030 1199 aeris
1059 1158 1234 1209 amavit,

136 1214 362 1267 Suspendit
388 1213 500 1265 picta
526 1212 690 1251 vultum
716 1220 983 1266 mentemque
1017 1211 1194 1261 tabella,

134 1269 254 1306 Nunc
282 1265 520 1306 tibicinibus
548 1278 656 1304 nunc
687 1272 751 1303 est
779 1265 918 1325 gavisa
943 1263 1182 1325 tragoedis3
1227 1295 1232 1299 .

138 1320 226 1359 Sub
254 1319 419 1358 nutrice
447 1317 588 1370 puella
614 1318 733 1358 velut
759 1331 793 1356 si
819 1318 988 1356 luderet
1016 1316 1172 1365 infans,

139 1373 267 1424 Quod
296 1371 448 1425 cupide
475 1370 623 1423 petiit,
654 1378 815 1410 mature
843 1371 969 1424 plena
995 1369 1180 1424 reliquit.
1382 1380 1457 1407 ιοο
1484 1374 1491 1385 ”

136 1426 251 1484 Quid
278 1425 418 1479 placet
447 1431 517 1462 aut
545 1423 643 1464 odio
672 1431 757 1473 est,
788 1424 903 1478 quod
939 1437 1023 1463 non
1051 1421 1251 1462 mutabile
1278 1419 1456 1461 credas?

134 1482 231 1520 Hoc
258 1491 382 1532 paces
409 1476 594 1515 habuere
623 1477 757 1516 bonae
785 1477 986 1531 ventique
1014 1475 1200 1515 secundi.

135 1535 296 1573 Romae
326 1529 449 1570 dulce
479 1530 550 1568 diu
578 1528 659 1569 fuit
687 1537 731 1569 et
758 1530 952 1580 solenne,
978 1529 1146 1568 reclusa

135 1588 256 1626 Mane
285 1584 410 1624 domo
437 1582 636 1636 vigilare,
665 1583 805 1622 clienti
831 1596 1030 1636 promere
1057 1582 1172 1633 iura,

138 1640 294 1679 Cautos
319 1636 553 1680 nominibus
583 1636 710 1676 rectis
739 1637 979 1690 expendere
1006 1647 1223 1687 nummos,
1381 1633 1458 1675 105

136 1692 318 1732 Maiores
349 1689 517 1739 audire,
544 1690 696 1729 minori
727 1690 869 1729 dicere
895 1703 977 1743 per
1004 1702 1112 1744 quae

139 1747 345 1785 Crescere
373 1756 442 1782 res
469 1750 638 1796 posset,
662 1743 788 1782 minui
816 1743 1011 1783 damnosa
1038 1741 1182 1783 libido.

137 1797 315 1839 Mutavit
341 1804 523 1835 mentem
549 1797 732 1849 populus
761 1796 889 1846 leviS‚
915 1803 959 1835 et
984 1795 1092 1835 calet
1118 1805 1204 1835 uno

139 1850 362 1892 Scribendi
390 1849 549 1892 studio:
576 1850 701 1903 pueri
725 1857 954 1905 patresque
980 1848 1120 1891 severi

140 2005 185 2022 —
207 1998 246 2020 v.
270 1987 326 2021 85.
349 1985 403 2018 Ita
423 1986 533 2020 Bentl.
559 1998 578 2021 e
602 1985 716 2022 Codd.
742 1987 846 2030 vulg.
870 1983 1038 2018 imber-bes
1069 1982 1168 2029 quod
1195 1980 1341 2016 retinuit
1367 1980 1452 2014 Fea.

140 2052 186 2060 -·
208 2044 246 2064 v.
272 2041 327 2075 90.
356 2031 479 2064 Graiis
502 2033 611 2065 Bentl.
637 2033 853 2067 coniectura.
876 2049 923 2056 —
944 2042 982 2063 v.
1007 2040 1063 2073 92.
1089 2029 1270 2075 Quiritum
1290 2036 1356 2071 pro
1370 2026 1453 2077 vfn'·
1506 2063 1509 2067 .

141 2079 208 2110 tim
231 2078 301 2110 Fea
325 2088 367 2110 ex
388 2089 461 2110 uno
484 2077 573 2111 Cod.
598 2079 693 2111 Fulv.
718 2078 845 2110 Ursini.
872 2076 926 2110 Cf.
946 2075 1041 2108 Iahn.
1064 2094 1107 2100 —
1135 2085 1173 2107 v.
1198 2074 1272 2107 105.
1305 2078 1412 2103 rectu
1432 2080 1453 2103 e

143 2120 258 2158 Codd.
276 2123 451 2156 Bentleius
478 2123 650 2165 correxit,
675 2134 779 2166 quem
801 2123 846 2158 V.
866 2122 935 2154 Alii
962 2119 1076 2155 Codd.
1101 2124 1136 2153 et
1152 2119 1341 2163 pleraeque
1368 2115 1455 2148 olim

142 2167 232 2205 Edd.
253 2166 450 2201 nonu‘m'bus
467 2169 581 2201 certis.
596 2167 718 2202 Codex
732 2167 862 2201 Barthii
882 2165 1039 2211 (Advers.
1053 2162 1242 2204 XXXVII,
1266 2162 1305 2195 18
1338 2161 1453 2205 scrip·

144 2221 201 2248 tus
222 2210 329 2245 habet
350 2222 417 2258 pro
437 2219 588 2254 cautos,
622 2213 730 2258 idque
752 2213 918 2259 praetulit
937 2211 1050 2246 Bentl-
1072 2228 1118 2241 σ-
1137 2219 1177 2243 υ.
1199 2215 1277 2252 ¹09²
1318 2211 1359 2241 tt
1375 2205 1457 2240 few
