1526 2404
508 180 746 210 summum:
774 179 873 231 un.
886 167 936 212 Π,
962 167 1006 210 3.
1364 169 1418 221 73

572 287 615 328 D
626 305 649 330 a
657 305 700 332 m
709 303 733 330 a
742 290 822 346 sip
830 304 897 346 pu
906 303 941 335 8...

153 350 259 395 uid!
285 365 332 395 ca
362 361 412 394 ut
437 353 662 394 abscissum
687 354 874 395 manibus
900 365 1030 415 quum
1054 359 1196 406 portat
1218 354 1367 410 Agave

145 406 231 448 nati
254 406 342 447 infe
362 406 456 459 bis,
483 407 562 447 sibi
587 415 679 454 tum
703 407 866 448 furiosa
892 405 1089 447 videtur?

612 476 889 517 Horatius.

103 540 287 581 Stultum
312 551 382 578 me
407 538 573 591 fateor,
598 539 724 579 liceat
749 537 985 580 concedere
1010 538 1146 589 veris,
1336 537 1418 581 305

101 593 245 647 Atque
276 592 401 631 etiam
429 592 637 642 iusanum;
664 599 824 632 tantum
848 592 932 632 hoc
950 591 1159 644 edissere,
1185 605 1270 647 quo
1297 606 1363 632 ¹:⁸⁶·

102 646 342 700 Aegi-ctare
368 653 492 700 putes
521 645 644 685 animi
670 645 789 685 vitio.

531 763 533 768 Ι
570 713 942 768 Damasippus.

818 779 998 834 Accipe:
1025 777 1207 833 primum

105 830 339 882 Aedificas,
362 829 447 871 hoc
473 837 557 881 est,
583 830 654 870 lon
688 843 735 870 os
761 831 956 882 imitaris,
984 832 1035 871 ab
1062 832 1147 871 imo

105 885 176 925 Ad
202 898 406 925 summum
432 890 546 923 totus
572 896 641 922 mo
675 884 732 923 uli
757 883 986 938 bipedalis3
1016 892 1059 925 et
1084 885 1199 925 idem

105 938 299 991 Corpore
325 937 527 976 maiorem
551 936 663 976 rides
692 937 900 977 Turbonis
927 939 970 978 in
997 938 1120 977 armis
1337 937 1420 979 3ιο

32 1037 39 1042 ἢ
107 990 309 1044 Spiritum
343 998 386 1029 et
411 989 638 1028 incessum:
665 993 738 1044 qui
755 990 955 1031 ridiculus
983 991 1119 1030 minus
1150 989 1258 1030 illo?

103 1043 171 1082 Au
191 1043 474 1098 quodcunque
492 1041 594 1082 facit
612 1043 828 1082 Maecenas
840 1073 852 1093 ‚
872 1052 916 1084 te
938 1057 1108 1100 quoque
1133 1057 1281 1087 verum
1302 1052 1367 1084 est

103 1098 283 1136 Tantum
308 1095 547 1135 dissimilem
570 1103 613 1135 et
633 1103 748 1135 tanto
771 1105 935 1141 certare
957 1095 1194 1139 minorem?

99 1148 298 1191 Abseuu's
325 1161 451 1188 ranae
473 1148 602 1209 pullis
632 1148 751 1189 vituli
775 1149 888 1202 pede
914 1150 1098 1205 pressis,
1440 1201 1443 1203 Β

105 1201 220 1244 Unus
247 1201 322 1243 uhi
349 1200 527 1255 effuglt,
554 1201 676 1241 matri
701 1201 917 1254 denarrat,
942 1212 990 1244 ut
1014 1204 1161 1258 ingens
1338 1202 1420 1245 315

104 1255 256 1294 Bellua
282 1267 333 1294 co
366 1262 483 1294 natos
511 1246 682 1295 eliserit.
734 1256 809 1294 Illa
840 1270 1018 1311 rogare,

103 1308 324 1361 Quantane
337 1337 347 1346 .
381 1322 480 1346 num
500 1315 682 1357 tantum,
702 1308 874 1348 sufflans
892 1325 960 1360 se,
988 1324 1138 1364 magna
1156 1307 1336 1349 fuisset?
1364 1328 1420 1339 —-

102 1361 239 1400 Maior
261 1359 444 1399 dimidio.
465 1383 520 1391 —-
543 1362 653 1399 Num
672 1361 819 1402 tanto?
839 1385 893 1392 ·—
918 1364 1061 1424 Quum
1088 1363 1218 1417 magis
1241 1370 1365 1418 atque

103 1412 161 1452 Se
186 1413 316 1474 magis
339 1411 529 1463 inflaret3
556 1415 672 1464 Non,
700 1415 734 1453 si
761 1424 805 1454 te
830 1431 883 1454 ru
916 1417 1023 1466 eris,
1050 1417 1208 1471 inquit,

102 1465 188 1507 Par
216 1479 311 1504 ens.
338 1467 456 1505 Haec
473 1480 496 1504 a
515 1474 558 1505 te
578 1480 660 1506 non
679 1469 855 1507 multum
873 1483 893 1507 a
926 1469 1034 1508 ludit
1051 1469 1203 1524 imago.
1339 1469 1420 1515 32⁴0

102 1517 227 1556 Adde
246 1521 440 1578 poemata
460 1532 591 1569 nunc,
611 1519 693 1559 hoc
714 1530 798 1571 est,
821 1522 960 1561 oleum
983 1522 1092 1561 adde
1114 1521 1297 1574 camin03

103 1570 227 1663 guae
256 1584 291 1608 ει
318 1571 410 1624 quis
437 1585 559 1609 sanus
586 1571 709 1621 fecit,
737 1589 859 1614 sanus
887 1574 993 1615 facis
1023 1583 1067 1615 et
1091 1583 1152 1615 tu.

143 1636 198 1663 on
224 1622 320 1662 dico
345 1622 598 1663 horrendam
625 1625 802 1665 rabiem.

619 1693 891 1747 Horatius.

830 1758 916 1798 Iam
943 1758 1101 1802 desine.

104 1895 151 1906 .-
169 1889 198 1909 v.
216 1878 294 1911 303.
327 1875 496 1908 abscisum
520 1877 638 1920 plures
664 1876 778 1911 Codd.
803 1879 916 1923 Fene,
945 1893 1051 1925 quem
1068 1880 1150 1916 vid.
1182 1899 1228 1906 —
1259 1878 1419 1915 manibus

106 1922 217 1955 Bentl.
244 1934 262 1954 e
309 1921 443 1953 Iuribus
464 1921 576 1953 Codd.
598 1922 693 1957 Olim
720 1925 809 1966 vulg.
827 1923 963 1959 demens
984 1928 1039 1959 Cf.
1058 1926 1182 1960 Heind.
1214 1943 1259 1949 --
1290 1936 1320 1956 V·
1339 1925 1417 1957 313.

110 1965 265 2000 Tantum
284 1934 396 1998 ssenti.
421 1978 439 1998 e
460 1966 573 1998 Codd.
595 1978 701 2010 quem
724 1968 803 2000 vid.
839 1972 934 2005 Olim
952 1973 1041 2015 vulg.
1067 1980 1181 2004 tanto.
1219 1989 1265 1996 -—
1293 1981 1323 2000 v.
1337 1969 1417 2011 3¹7·

41 2027 54 2039 ι
79 2016 82 2017 ’
106 2011 159 2045 Ita
189 2023 268 2043 cum
298 2009 668 2054 Cruqul‘oBentleius,
702 2024 806 2056 quem
832 2015 875 2046 V.
910 2016 1004 2057 Oljm
1030 2018 1121 2059 vulg.
1151 2027 1234 2049 num
1260 2012 1418 2052 tandem,

107 2055 204 2098 quod
226 2055 341 2088 denuo
359 2061 476 2088 tuetur
490 2057 569 2088 Fea.
594 2057 631 2087 in
652 2064 787 2089 tantum
808 2061 900 2093 coni.
923 2061 1087 2104 Doering.
1108 2062 1161 2093 Cs.
1177 2059 1276 2093 Both.
1294 2059 1415 2090 Anno-

108 2103 183 2133 tatt.
207 2106 241 2132 et
259 2099 354 2132 laha.
389 2118 436 2124 —
464 2112 493 2132 v.
520 2101 597 2133 318.
624 2103 653 2132 T
657 2107 758 2136 uetur
782 2105 971 2140 lectionem
989 2107 1160 2148 vulgatam
1183 2103 1307 2138 Heiud.
1331 2113 1416 2136 num

110 2150 244 2193 {amum
260 2145 370 2177 Bentl.
388 2156 407 2177 e
424 2145 537 2178 Codd.
556 2145 726 2194 ‘idemque
744 2150 837 2182 coni.
860 2149 988 2185 Maiw
1007 2152 1190 2196 perninub.
1208 2148 1309 2183 Both.
1332 2147 1415 2180 Ma-

110 2197 177 2221 ιον.
197 2206 244 2218 --
262 2187 441 2225 Dinu'dab?
459 2207 505 2219 -
528 2190 627 2225 zvum
650 2198 763 2225 ιαηιο.
