1526 2404
147 166 226 207 108
599 177 641 219 ρ.
670 178 858 205 nonum}
885 177 1045 206 FLAccl

145 263 224 303 Iuli
251 264 402 313 Flore,
431 263 581 319 quibus
610 271 844 304 terrarrum
869 263 1020 304 militet
1047 264 1134 304 oris

147 317 347 356 Claudius
378 318 560 372 Augusti
619 319 828 371 rivignus,
856 317 964 357 scire
984 318 1146 358 laboro.

146 370 364 410 Thracane
395 385 494 421 vos,
528 332 785 426 Helu-usque
812 371 939 411 nivali
969 371 1175 425 compede
1201 371 1388 424 vinctus,

142 423 211 462 An
238 423 350 463 freta
378 424 532 464 vicinas
560 426 671 464 inter
700 426 911 464 currentia
938 433 1102 475 turres,

141 477 210 516 An
238 477 415 531 pingues
443 478 569 518 Asiae
603 478 738 532 campi
767 479 982 534 collesque
1010 477 1258 518 morantur?
1442 478 1468 520 5

149 529 266 588 Quid
284 531 469 571 studiosa
491 532 643 571 cohors
662 545 839 585 operum
867 530 1019 572 struit?
1045 532 1140 571 Hoc
1158 545 1330 594 quoque
1348 545 1467 572 curo.

142 584 249 642 Quis
278 584 357 623 sibi
383 599 452 624 res
483 594 621 639 gestas
653 585 834 638 Augus-ti
861 585 1048 624 scribere
1076 583 1230 625 suunt?

139 638 262 677 Bella
292 638 383 691 quis
414 647 457 678 et
486 653 611 691 paces
639 639 813 693 longum
841 638 1039 678 diffundit
1065 637 1108 677 in
1143 638 1322 681 aevum?

141 691 257 753 Quid
286 692 443 742 Titius,
474 694 662 732 Romana
692 692 816 732 brevi
841 700 1043 732 venturus
1068 691 1111 730 in
1135 691 1235 745 ora,

139 744 350 787 Pindarici
378 744 506 785 fontis
535 746 607 800 qui
633 759 717 784 non
749 746 948 799 expalluit
975 746 1175 797 haustus,
1419 761 1468 790 ιο

139 798 349 837 Fastidire
376 798 491 838 lacus
523 808 566 839 et
592 799 706 839 rivos
736 813 859 838 ausus
893 797 1094 852 apertos?
1129 818 1135 829 =

138 853 196 891 Ut
223 851 364 891 valet?
390 860 438 891 ut
465 853 653 893 meminit
680 851 847 892 nostri?
874 851 1084 892 fidibusne
1107 851 1264 893 Latinis

138 904 362 944 Thebanos
389 915 534 959 aptare
564 906 713 945 modos
741 905 906 956 studet,
933 905 1100 960 auspice
1133 904 1282 948 Musa?

136 960 203 998 An
232 958 391 1012 tragica
425 960 613 999 desaevit
641 968 683 999 et
709 959 960 1013 ampullatur
989 960 1032 998 in
1063 957 1183 999 arte?

138 1011 255 1075 Quid
291 1011 394 1052 mihi
436 1014 583 1054 Celsus
622 1012 737 1067 agit?
773 1017 954 1053 monitus
989 1012 1254 1068 multumque
1289 1024 1464 1056 monen-

400 1067 403 1069 ’
431 1106 433 1108 μ
933 1066 1037 1111 dus,
1414 1066 1463 1108 15

134 1119 325 1158 Privatas
356 1127 403 1158 ut
432 1122 606 1173 quaerat
635 1134 761 1173 opes,
789 1129 832 1160 et
859 1128 1035 1173 tangere
1065 1119 1171 1160 vitet

135 1171 325 1225 Scripta,
356 1173 566 1211 Palatinus
590 1186 864 1227 quaecunque
891 1173 1054 1225 recepit
1083 1171 1258 1226 Apoll03

134 1226 221 1274 Ne,
249 1225 284 1264 si
309 1224 425 1266 forte
456 1230 550 1263 suas
578 1226 805 1279 repetitum
834 1226 997 1264 venerit
1026 1225 1124 1263 olim

135 1279 253 1317 Grex
281 1278 418 1318 avium
444 1279 627 1333 plumas,
654 1287 824 1318 moveat
860 1278 1073 1317 cornicula
1101 1277 1231 1320 risum

132 1331 319 1371 Furtivis
352 1331 506 1372 nudata
534 1331 763 1371 coloribus.
795 1333 888 1385 Ipse
919 1330 1021 1411 guid
1051 1329 1210 1370 audes?
1404 1343 1457 1371 20

134 1385 256 1441 Quae
288 1384 596 1423 circumvolitas
627 1385 743 1438 agilis
769 1385 932 1436 thyma.
967 1398 1051 1423 non
1078 1383 1155 1423 tibi
1183 1398 1363 1438 parvum

130 1438 347 1491 Ingenium
373 1451 456 1476 non
489 1438 691 1476 incultum
722 1446 785 1477 est
813 1446 856 1477 et
884 1439 1065 1499 turpiter
1092 1437 1266 1478 hirtum.

132 1491 220 1530 Seu
247 1491 431 1544 linguam
460 1491 592 1530 causis
621 1491 754 1541 acuis,
784 1505 859 1530 scu
887 1492 1018 1531 cinca
1044 1491 1136 1529 iura

130 1545 409 1598 Respondere
434 1558 577 1597 paras,
607 1558 682 1583 seu
712 1544 855 1584 condis
882 1544 1055 1583 amabile
1082 1558 1273 1596 carmen3

129 1598 271 1636 Prima
299 1597 414 1636 feres
452 1598 605 1637 ederae
636 1598 818 1637 victricis
847 1598 1044 1651 praemia.
1079 1598 1209 1658 Quod
1237 1600 1274 1639 si
1400 1599 1454 1639 25

128 1651 302 1704 Frigida
330 1664 523 1689 curarum
552 1651 740 1690 fomenta
771 1651 1013 1706 relinquere
1040 1665 1210 1705 posses,

126 1704 235 1798 guo
260 1712 304 1744 te
335 1704 530 1743 coelestis
560 1705 760 1758 sapientia
788 1704 986 1755 duceret,
1015 1705 1113 1744 ires.

173 1772 225 1798 oc
258 1771 387 1810 opuS,
418 1757 500 1797 hoc
527 1759 711 1797 studium
739 1759 859 1811 parvi
886 1772 1166 1820 properemus
1195 1765 1239 1798 et
1266 1757 1419 1812 ampli,

127 1811 173 1850 Si
231 1811 360 1850 atriae
391 1812 609 1863 volumus,
637 1811 670 1850 si
699 1811 817 1851 nobis
855 1826 1002 1852 vivere
1031 1812 1128 1851 cari.
1304 1826 1307 1829 ’
1336 1849 1368 1863 .,

127 1865 196 1905 De
229 1879 273 1905 es
300 1863 383 1903 hoc
411 1865 535 1905 etiam
562 1865 825 1918 rescribere,
856 1866 891 1904 si
917 1865 996 1905 tibi
1023 1877 1174 1916 curae,
1390 1863 1444 1904 3ο

190 1999 251 2044 ῙΙΪ,
274 2015 303 2035 V·
328 2001 361 2045 4-
398 2010 512 2034 ter-ras
540 2013 606 2046 pro
638 2010 751 2036 turres
770 2005 883 2037 Bentl.
912 2015 953 2037 ex
981 2003 1117 2046 aliquot
1145 1998 1258 2034 Codd.
1284 1998 1443 2044 inprimis

122 2049 351 2081 Blandiniano
375 2049 575 2079 veterrimo.
595 2049 648 2080 (js.
667 2051 736 2082 Fea
752 2056 786 2082 et
803 2050 898 2083 Iahn.
925 2070 967 2074 —
992 2061 1022 2080 v.
1041 2049 1076 2081 6.
1102 2046 1167 2078 hoc
1191 2046 1302 2078 Bentl.
1327 2055 1346 2076 e
1363 2045 1442 2088 plu-

121 2094 218 2129 rimis
239 2092 355 2126 Codd.
377 2092 504 2135 quibus
525 2094 700 2126 accedunt
720 2091 835 2127 Codd.
856 2097 958 2128 Feae.
985 2092 1055 2126 Sed
1078 2091 1335 2135 antiquissimae
1350 2089 1440 2122 Edd.

121 2138 217 2171 haec.
243 2138 295 2171 Cf.
321 2138 432 2169 Bentl.
449 2156 490 2162 —
521 2151 549 2169 v.
572 2150 626 2171 22.
652 2141 704 2172 Ita
729 2141 841 2172 Bentl.
866 2146 900 2172 ct
925 2141 994 2172 Fea
1021 2149 1040 2172 e
1062 2138 1222 2182 plurimis
1239 2135 1354 2167 Codd.
1379 2145 1442 2168 nec

121 2185 270 2228 turpiter·
283 2183 455 2227 plurimae
480 2183 570 2215 Edd.
591 2196 663 2216 ιιοη
680 2193 772 2229 turp.
795 2185 894 2217 Both.
918 2196 936 2217 e
952 2183 1068 2216 Codd.
1086 2185 1249 2215 Torrent.
1272 2199 1315 2205 —
1336 2192 1368 2213 v.
1383 2182 1439 2214 3ο.

121 2228 237 2262 Codd.
250 2234 287 2262 et
299 2233 380 2262 vett.
391 2227 481 2261 Edd.
496 2229 530 2261 si
540 2229 603 2262 tibi
615 2235 674 2262 aut
687 2231 733 2263 sit
746 2230 815 2263 tibi.
831 2231 943 2263 Bentl.
956 2240 1061 2273 quem
1075 2228 1129 2261 Cf.
1143 2228 1176 2260 si
1188 2227 1250 2262 tibi
1259 2237 1366 2260 cume
1377 2233 1439 2258 est.
