1526 2404
456 187 712 220 trisronAn.
736 187 824 217 un.
848 174 911 228 ss,
938 187 978 217 2.
1309 179 1386 233 ¹59

55 284 195 326 δοίη
213 281 375 335 volam,
399 290 600 339 quantum
626 281 801 336 simplex
827 281 1057 340 hilarisque
1080 283 1227 339 nepoti

66 339 318 392 Discrepet‚
344 345 388 378 et
415 344 617 391 quantum
642 335 857 377 discordet
881 351 1031 391 parcus
1063 352 1203 379 avaro.

66 391 204 431 Distat
219 390 342 441 enim,
363 403 533 444 spargas
553 396 625 429 tua
644 389 861 444 prodigus,
884 406 934 430 an
954 404 1091 446 neque
1112 399 1294 431 sumtum
1310 392 1384 447 195

67 443 221 492 Invitus
246 442 375 483 facias
402 455 541 496 neque
566 443 687 495 plura
713 456 864 495 parare
891 444 1079 492 labores,

66 498 131 538 Ac
155 496 318 550 potius,
344 509 455 549 puer
481 501 530 533 ut
555 496 673 535 festis
701 495 1026 550 quinquatribus
1056 497 1177 548 olim,
1214 546 1217 548 -

66 549 232 603 Exiguo
261 557 470 603 gratoque
499 547 656 587 fruaris
686 556 880 601 tempore
918 549 1082 602 raptim.

65 601 296 655 Pauperies
323 600 531 640 immunda
558 601 683 641 domo
710 603 860 653 procul
888 602 1013 642 absit:
1045 616 1150 656 ego,
1170 611 1312 642 utrum

65 657 182 695 Nave
213 653 331 693 ferar
354 668 502 708 magna
527 668 578 692 an
603 667 754 707 parva,
780 653 899 694 ferar
923 669 1029 694 unus
1057 663 1100 695 et
1127 655 1251 695 idem.
1306 668 1385 696 200

65 709 161 748 Non
185 704 348 760 agimur
378 706 547 746 tumidis
574 707 678 747 velis
709 707 901 760 aquilone
918 709 1116 748 secundo
1125 722 1139 758 3

0 760 13 775 ⁶
65 762 161 800 Non
186 767 325 799 tamen
351 760 536 799 adversis
563 767 742 799 aetatem
768 760 956 801 ducimus
983 761 1154 809 austrise

66 813 262 862 Viribus,
288 812 480 874 ingenio,
507 812 670 865 speeie,
696 813 875 862 virmte,
902 815 1022 862 loco,
1048 828 1119 863 re,

67 865 258 906 Extremi
287 878 543 919 primorum,
571 865 768 904 extremis
795 880 931 921 usque
958 867 1140 920 priores.

66 919 161 959 Non
191 930 236 958 es
265 931 437 958 avarus:
467 918 549 959 abi.
577 917 721 970 Quid?
754 927 895 959 cetera
915 920 995 959 iam
1025 921 1146 959 simul
1175 919 1255 960 isto
1283 920 1362 960 205

69 971 176 1011 Cum
201 969 305 1011 vitio
336 969 520 1024 fugere?
553 978 669 1010 caret
695 971 772 1010 tibi
799 979 949 1025 pectus
975 973 1084 1012 inani

66 1022 338 1064 Ambitione?
372 1032 489 1063 caret
513 1023 659 1064 mortis
686 1024 910 1066 formidine
939 1034 983 1066 et
1007 1025 1102 1064 ira?

67 1076 259 1126 Somnia,
288 1083 478 1116 terrores
506 1077 715 1130 magicos,
741 1078 967 1129 miracula,
994 1092 1135 1132 sagas,

67 1131 305 1170 Nocturnus
330 1130 512 1170 lemures
538 1137 820 1185 portentaque
852 1131 1050 1172 Thessala
1082 1130 1225 1172 rides?

66 1183 232 1222 Natales
257 1189 377 1236 grate
403 1181 627 1222 numeras?
652 1179 832 1236 igrsoscis
861 1183 1032 1224 amicis?
1305 1197 1385 1227 210

66 1235 226 1275 Lenior
251 1241 295 1274 et
323 1234 474 1275 melior
496 1234 548 1285 fis
579 1235 805 1276 accedente
835 1236 1032 1278 senecta?

68 1287 181 1339 Quid
206 1295 250 1327 te
282 1296 452 1334 exemta
471 1289 584 1336 l‘evat
609 1288 734 1340 spinis
764 1290 816 1329 de
842 1290 1034 1342 pluribus
1062 1288 1173 1331 una?

65 1339 224 1381 Vivere
251 1341 287 1380 si
317 1340 435 1382 fite*
453 1343 616 1390 nescis,
644 1341 804 1382 decede
830 1344 991 1396 peritis.

66 1393 221 1432 Lusisti
246 1394 365 1447 satis,
397 1395 520 1434 edisti
550 1394 673 1443 satis,
705 1402 831 1449 atque
858 1395 1020 1437 bibisti:
1081 1434 1086 1436 ,

22 1456 26 1468 ·
68 1446 252 1498 Tempus
283 1446 398 1486 abire
428 1448 507 1488 tibi
534 1455 618 1497 est,
646 1461 698 1487 ne
726 1456 875 1501 potum
905 1450 1062 1504 largius
1095 1464 1231 1505 aequo
1304 1453 1384 1494 215

67 1497 222 1537 Rideat
247 1506 292 1538 et
319 1500 460 1552 pulset
484 1500 640 1542 lasciva
665 1501 880 1543 decentius
915 1512 1039 1544 aetas.

69 1673 115 1684 ι-
136 1666 175 1689 v.
205 1665 279 1700 199.
307 1655 435 1691 domus
455 1656 545 1690 Edd.
570 1659 705 1703 primae
732 1666 770 1694 et
791 1662 885 1705 vulg.
909 1659 1012 1694 domo
1043 1660 1135 1695 eod.
1162 1673 1252 1696 unus
1275 1664 1382 1707 Fene,

61 1702 162 1742 ‚alter
184 1702 299 1734 Pulm.
318 1701 424 1734 domu
443 1703 490 1734 ali
516 1704 552 1735 ui
577 1705 705 1738 eruditi
719 1707 783 1738 viri
807 1707 901 1751 apud
915 1707 1121 1739 Lambinum
1136 1714 1170 1740 et
1183 1709 1230 1740 ita
1244 1709 1382 1751 Baxter,

71 1745 228 1788 Gesner,
255 1748 336 1790 alii;
359 1748 477 1779 immur
517 1760 539 1780 α
557 1750 691 1794 procul
702 1753 832 1795 procul
850 1751 945 1784 absit
962 1752 1073 1784 Bentl.
1098 1755 1317 1786 coniectura.
1338 1774 1383 1780 -—

70 1801 109 1823 v.
134 1792 212 1826 206.
239 1791 326 1824 Cum
347 1793 441 1824 vitio
450 1790 548 1836 fuge
564 1795 649 1835 νέω,-
674 1804 772 1828 caret
795 1802 864 1830 etc.
882 1796 998 1829 codd.
1020 1798 1116 1842 apud
1140 1800 1381 1841 Torrmfium,

67 1836 153 1877 alii,
179 1837 371 1881 pluresque
394 1842 478 1869 vett.
504 1838 595 1871 Edd.
624 1844 665 1872 ut
685 1840 880 1874 Mediolan.
908 1840 1006 1885 1477.
1036 1861 1080 1869 ·—
1107 1854 1144 1875 v.
1176 1854 1252 1877 212.
1285 1844 1383 1875 levat

71 1879 186 1913 Bentl.
220 1891 240 1913 e
272 1882 386 1914 tribus
416 1880 533 1915 Codd.
558 1883 666 1928 Cruq.
688 1887 886 1928 revocavit3
916 1888 1070 1931 itemque
1098 1887 1213 1922 codd.
1243 1889 1382 1932 aliquot

70 1925 178 1961 Feae.
191 1925 296 1970 vulg.
317 1927 427 1959 iuvat.
447 1927 528 1960 Vid.
544 1928 655 1963 Bentl.
674 1947 714 1954 —
731 1941 770 1962 v.
795 1932 873 1964 216.
888 1931 1053 1966 licentius
1068 1940 1167 1966 aetas
1179 1933 1251 1966 duo
1266 1933 1382 1967 Codd.

72 1979 96 2004 ι
112 1969 274 2005 Bentleio
291 1971 427 2006 laudati
453 1977 490 2006 et
506 1973 645 2018 aliquot
664 1974 771 2008 Feae.
789 1976 872 2009 Vid.
892 1976 1007 2011 Bentl-
