1526 2404
146 168 201 206 18
596 178 635 218 Q.
667 179 849 206 noun-n
888 178 1046 205 FLAcm

148 274 341 314 Postulat
370 283 416 313 ut
446 274 649 313 videatur.
677 273 736 313 At
764 281 828 312 cst
856 273 1135 314 truculentior
1161 283 1288 330 atque

145 328 247 367 Plus
277 341 412 383 aequo
441 326 580 367 liber?
607 327 784 380 simplex
811 326 1021 382 fortisque
1047 327 1269 368 habeatur.

146 380 318 420 Caldior
347 380 440 421 est?
470 395 586 421 acres
614 381 725 420 inter
753 389 1012 421 numeretur.
1050 380 1236 435 opinor,

145 436 264 474 Haec
292 449 360 474 res
390 443 433 474 et
460 435 615 487 iungit,
643 435 806 473 iunctos
835 443 878 474 et
900 442 1042 474 servat
1074 436 1241 475 amicos.

143 490 201 528 At
229 503 306 528 nos
333 489 509 528 virtutes
540 490 648 542 ipsas
667 488 912 528 invertimus
931 496 1057 543 atque
1429 489 1483 531 55

144 543 361 582 Sincerum
393 543 580 596 cupimus
608 555 680 582 vas
712 542 957 581 incrustare.
986 542 1153 582 Probus
1209 542 1273 583 uis

143 596 370 635 Nobiscum
402 597 503 636 vivit
530 596 706 635 multum
732 595 935 637 demissus
962 595 1124 636 homo?
1152 596 1217 636 lli

144 650 284 689 'I'ardo
315 663 573 704 cognomen,
601 649 768 703 pingui,
799 649 956 689 (lamus.
986 650 1067 690 Hic
1094 649 1206 704 fugit
1229 663 1372 691 omnes

146 703 339 754 Insidias,
370 704 556 758 nullique
584 704 696 742 malo
724 704 830 742 latus
861 702 981 743 obdit
1008 711 1224 757 apertum,

143 758 285 819 Quum
314 771 445 811 genus
474 757 557 796 hoc
587 757 697 796 inter
725 757 836 796 vitae
865 764 1081 807 versetur,
1113 756 1185 796 ubi
1211 756 1318 797 acris
1425 756 1478 798 60

139 811 296 850 Invidia
326 819 450 866 atque
479 810 624 864 vigent
650 810 723 849 uhi
752 811 943 850 crimina:
972 823 1052 863 pro
1082 810 1193 850 bene
1221 824 1320 851 sano

140 864 205 904 Ac
230 878 314 903 non
342 864 508 904 incauto
536 863 679 904 fictum
709 871 976 919 astutumque
1006 877 1218 904 vocamus.

139 917 380 971 Simplicior
409 919 523 972 quis,
550 926 593 957 et
623 925 710 966 est,
739 918 905 972 qualem
934 931 1003 956 me
1032 931 1160 971 saepe
1186 917 1368 958 libenter

139 971 381 1011 Obtulerim
413 972 512 1022 tibi,
539 973 781 1021 Maecenas,
812 979 860 1010 ut
887 970 1002 1011 forte
1030 971 1243 1025 legentem

137 1024 223 1064 Aut
250 1025 422 1064 tacitum
450 1025 639 1078 impellat
668 1024 817 1079 quovis
845 1038 1040 1064 sermone
1066 1023 1302 1065 molestus?
1421 1022 1474 1065 65

139 1079 360 1117 Communi
388 1092 512 1120 sensu
540 1079 663 1131 plane
693 1086 830 1128 caret,
858 1077 1078 1132 inquimus.
1110 1079 1232 1129 Heu,
1259 1077 1369 1128 heu,

138 1131 275 1182 Quam
305 1139 468 1170 temere
495 1131 536 1169 in
562 1138 727 1169 nosmet
754 1131 894 1184 legem
922 1132 1124 1171 sancimus
1153 1131 1355 1186 iniquam!

135 1186 238 1223 Nam
269 1184 376 1223 vitiis
405 1198 527 1222 nemo
558 1184 645 1222 sine
674 1184 875 1222 nascitur:
906 1198 930 1222 o
963 1185 1087 1223 timus
1115 1185 1188 1223 ille
1210 1191 1295 1234 est,

139 1237 226 1292 Qui
252 1237 427 1276 minimis
458 1245 647 1290 urgetur.
678 1236 849 1274 Amicus
878 1199 1032 1287 dulcis,
1059 1244 1108 1275 ut
1135 1250 1316 1291 aequum
1345 1243 1433 1287 est,

138 1293 243 1330 (um
272 1305 364 1329 mea
393 1297 637 1343 compenset
665 1289 773 1328 vitiis
803 1288 935 1339 bona,
963 1289 1153 1343 pluribus
1180 1289 1320 1341 hisce,
1411 1303 1467 1343 70
1512 1339 1515 1346 Δ

138 1344 183 1383 Si
211 1344 339 1383 modo
370 1345 492 1396 plura
518 1343 619 1382 mihi
646 1341 756 1387 bona
784 1350 899 1392 sunt,
926 1343 1105 1382 inclinet.
1134 1342 1278 1384 Amat-i
1344 1352 1346 1355 “

136 1398 179 1435 Si
205 1398 321 1437 volet
345 1396 423 1436 hac
450 1397 568 1446 leffe,
596 1397 637 1435 in
664 1396 818 1434 trutina
878 1404 1029 1435 onetur
1067 1396 1229 1435 eadem.

183 1451 246 1500 ui,
276 1464 329 1489 ne
356 1426 576 1489 tubcril’ius
602 1449 784 1502 propriis
817 1461 840 1487 ο
882 1449 1006 1488 endat
1034 1449 1233 1500 amicum,

135 1505 349 1553 Postulat,
378 1503 569 1557 ignoscet
603 1502 790 1542 verrucis
821 1503 951 1553 illius3
983 1517 1168 1557 aequum
1197 1510 1284 1553 est,

135 1558 326 1598 Peccatis
356 1557 517 1595 veniam
544 1563 788 1609 poscentem
816 1556 999 1595 reddere
1028 1570 1185 1595 rursus.
1415 1555 1470 1608 ⁴75

135 1611 354 1666 Denique,
388 1618 592 1665 quatenus
622 1609 757 1648 excidi
788 1610 954 1663 penitus
987 1609 1130 1649 vitium
1158 1609 1271 1660 irae,

135 1792 182 1800 .-..
209 1775 262 1815 57,
289 1771 384 1802 Olim
411 1769 543 1811 vulgo:
580 1768 728 1801 multum
756 1777 805 1801 est
828 1768 995 1804 denn'ssus
1021 1770 1147 1810 homo;
1180 1770 1294 1802 Bentl.
1319 1768 1466 1802 multum

138 1819 309 1852 demissus
334 1815 434 1847 homo
460 1815 537 1855 ille,
573 1813 693 1846 Tarda
727 1826 770 1846 ac
803 1826 995 1858 cognomen
1016 1817 1146 1861 pingui
1167 1814 1303 1847 damus.
1340 1814 1465 1847 Heind-

138 1866 286 1899 multum
311 1870 344 1894 et
369 1859 535 1892 demisms
560 1858 683 1891 homo.-
708 1860 892 1892 illiTardo
915 1873 1106 1905 cognomen
1126 1861 1254 1905 pingui
1270 1859 1309 1892 *et
1327 1857 1464 1891 dumus.

138 1912 176 1942 In
201 1917 352 1951 utraque
376 1906 535 1938 lec-ione
560 1916 603 1935 ac
626 1911 662 1939 et
684 1912 768 1949 post
786 1906 915 1950 pingui
931 1907 1063 1950 copula
1084 1915 1117 1938 et
1136 1915 1233 1937 mera
1256 1904 1466 1938 coniectura

136 1958 309 1988 nituntur.
337 1950 391 1984 Cf.
418 1957 608 1993 utrumqne
636 1957 671 1984 et
695 1951 738 1983 de
764 1958 888 1984 nostra
913 1952 1070 1984 lectione
1096 1950 1198 1982 Both.
1214 1949 1398 1982 Annotatt.
1420 1966 1467 1975 .-

134 2013 170 2035 v,
189 2002 244 2034 58,
272 1997 414 2043 pinguis
441 1997 555 2028 Codd.
572 1995 703 2028 Bersm.
730 1997 824 2028 Feae
851 2003 888 2030 et
912 2003 998 2031 vett.
1025 1997 1159 2039 aliquot
1175 1993 1268 2028 Edd.
1287 2012 1332 2019 -
1356 2005 1392 2026 v.
1406 1994 1463 2028 60.

139 2056 312 2080 versemur
335 2043 458 2075 sscntl.
482 2053 521 2072 vx
550 2052 618 2072 uno
640 2042 730 2073 Cod.
752 2042 910 2084 Cruquii.
935 2060 980 2066 —
1001 2053 1036 2073 v.
1053 2042 1108 2074 63.
1130 2041 1209 2086 quis
1233 2047 1273 2071 at
1294 2047 1344 2072 est
1365 2039 1463 2085 qual.

136 2091 298 2124 Lambin.
325 2100 343 2120 e
370 2085 492 2121 Codd.
534 2103 579 2109 —
616 2098 653 2118 v.
676 2088 732 2120 65.
757 2087 905 2131 appellet
926 2087 1087 2119 Lambin.
1114 2096 1157 2117 ex
1183 2083 1303 2119 Codd.
1330 2090 1367 2119 et
1391 2089 1463 2118 vet.

134 2136 256 2170 Schol.
281 2131 446 2178 impediat
466 2132 536 2163 Ben
546 2132 583 2165 tl.
615 2142 658 2163 cx
678 2133 771 2165 coni.
797 2142 863 2176 pro
883 2132 1043 2178 impellat.
1063 2130 1116 2162 Cf.
1137 2127 1263 2163 Heind.
1287 2147 1333 2155 —
1354 2140 1390 2162 v.
1407 2126 1462 2171 74.

132 2183 290 2225 ignoscet
326 2189 345 2211 e
377 2178 537 2223 plurimis
592 2174 708 2210 Codd.
742 2182 779 2212 et
812 2183 898 2212 vett.
930 2174 1021 2210 Edd.
1046 2176 1158 2209 Bentl.
1181 2186 1285 2220 quem
1310 2175 1356 2211 V.
1391 2173 1461 2206 Alii

134 2228 305 2272 ignoscat.
332 2242 374 2249 --
