1526 2404
115 193 208 242 ‚166
579 207 617 245 ρ.
649 207 832 234 ιιοιιᾼτιι
851 200 1017 234 'nacci

127 305 184 344 Et
213 313 281 355 tu,
312 312 434 358 potes
462 318 580 353 nam,
607 303 726 344 solve
749 318 817 344 me
845 304 1097 356 dementia‚-
1387 296 1451 358 '45

131 357 171 398 O
199 371 279 397 nec
305 358 489 411 paternis
517 357 707 397 obsoleta
727 357 944 409 sordibus,

128 412 217 450 Nec
245 412 285 450 in
315 412 520 464 sepulcris
548 425 780 464 pauperum
806 412 991 465 prudens
1018 424 1122 454 anus

127 464 408 504 Novendiales
437 465 638 518 dissipare
665 465 876 518 pulveres,
934 485 945 499 ·

129 517 225 556 Tibi
249 518 454 571 hospitale
482 526 652 571 pectus,
681 526 724 558 et
750 532 882 572 purae
908 531 1072 559 manus:

129 572 330 626 Tuusque
358 579 508 611 venter
532 572 821 622 Pactumeius3
851 580 894 612 et
918 580 992 611 tuo
1401 570 1453 616 50

131 624 295 664 Cruore
323 624 477 664 rubros
506 624 709 664 obstetrix
736 639 894 679 pannos
922 625 1046 678 lavit,

90 684 94 687 '
129 677 351 733 Utcunque
372 677 496 719 fortis
524 677 661 718 exsilis
689 692 912 732 puerpera.

673 798 911 841 Canidia.

234 911 349 972 Quid
376 911 580 952 obseratis
611 911 780 952 auribus
807 910 947 952 fundis
974 913 1156 967 preces?

129 966 222 1005 Non
250 980 345 1006 saxa
365 965 484 1005 nudis
512 965 704 1006 surdiora
727 966 874 1006 navitis
1201 1009 1205 1014 ,
1451 1004 1456 1008 .

129 1020 346 1073 Neptunus
375 1020 459 1058 alto
489 1020 626 1059 tundit
651 1019 850 1067 hibernus
879 1019 980 1060 salo.
1399 1022 1459 1064 55

129 1072 285 1112 Inultus
312 1081 359 1111 ut
384 1081 430 1111 tu
455 1073 596 1112 riseris
628 1071 810 1124 Cotyttia

128 1125 334 1178 Vulgata,
360 1138 523 1164 sacrum
551 1125 674 1165 liberi
703 1124 948 1179 Cupidinis?

129 1178 187 1218 Et
214 1178 418 1233 Esquilini
443 1179 646 1218 Pontifex
673 1177 852 1218 venefici

128 1231 302 1285 Impune
329 1230 377 1270 ut'
403 1231 561 1270 Urbem
588 1231 754 1270 nomine
780 1231 966 1284 impleris
994 1232 1124 1273 meo?

131 1284 247 1340 Quid
271 1283 473 1338 proderat
501 1283 653 1323 ditasse
680 1284 874 1338 Pelignas
903 1298 1002 1324 anus
1400 1288 1451 1330 60

129 1338 386 1380 Velociusve
414 1337 628 1376 miscuisse
656 1336 871 1376 toxicum?

131 1392 218 1432 Sed
245 1391 429 1430 tardiora
457 1389 543 1430 fata
569 1397 613 1429 te
644 1390 750 1430 votis
778 1399 966 1431 manent:

130 1447 295 1501 Ingrata
321 1444 475 1483 misero
502 1443 583 1483 vita
610 1442 799 1482 ducenda
827 1451 890 1483 est
916 1444 958 1484 in
984 1445 1091 1497 hoc,

133 1498 262 1538 Novis
287 1505 334 1537 ut
359 1510 493 1551 usque
522 1504 717 1549 suppetas
747 1496 977 1537 doloribus.
1206 1522 1210 1526 ι

134 1552 266 1606 Optat
296 1550 480 1604 quietem
506 1549 676 1602 Pelopis
694 1549 853 1589 infidus
880 1559 1023 1603 pater,
1406 1552 1458 1593 65

132 1606 273 1660 Egens
300 1603 505 1657 benignae
534 1603 730 1642 Tantalus
758 1617 925 1657 semper
952 1605 1091 1659 dapisg,

132 1787 177 1794 -
198 1780 233 1801 v.
259 1769 313 1802 50.
339 1767 562 1800 Pactumeius
587 1769 730 1812 plurimi
755 1773 791 1800 et
814 1771 941 1813 optimi
960 1769 1075 1803 Codd.
1100 1780 1182 1803 cum
1203 1769 1452 1813 antiquissimis

133 1814 223 1846 Edd.
272 1814 461 1845 ar-tumeius
486 1813 604 1848 Codd.
627 1814 790 1846 nonnulli
817 1814 910 1847 Feae
935 1820 971 1848 et
994 1816 1116 1859 plures
1150 1821 1234 1860 post
1256 1815 1336 1847 Ald.
1360 1815 1452 1847 Edd.

133 1859 211 1892 Vid.
273 1859 359 1890 entl.
384 1860 468 1891 Fea.
495 1859 677 1892 Vanderb.
702 1859 798 1903 apud
819 1859 922 1892 Both.
946 1860 1130 1892 Annotatt.
1154 1877 1201 1884 —
1225 1872 1254 1893 ν.
1271 1861 1324 1894 56.
1339 1859 1451 1904 Coqr-

136 1906 185 1938 tia
209 1905 329 1948 plures
353 1903 442 1936 Edd.
467 1910 550 1936 vett.
579 1904 650 1937 Sed
673 1905 754 1937 Vid.
782 1904 866 1937 Fea.
887 1923 933 1930 —-
954 1917 990 1937 v.
1014 1906 1070 1939 60.
1093 1902 1386 1950 proderatBentl.
1409 1915 1453 1938 cx

134 1950 250 1982 Codd.
275 1949 366 1982 Ante
391 1960 470 1982 eum
496 1950 704 1992 vulgabatur
715 1949 883 1994 proderit,
910 1949 1007 1994 quod
1022 1950 1095 1983 Fea
1107 1948 1330 1984 reduxit-Cf.
1347 1949 1450 1984 Both.

134 1994 318 2027 Annotatt.
343 2013 389 2019 —
409 2006 445 2026 v.
470 1996 526 2028 62.
552 1993 624 2026 Sed
643 1996 765 2039 plures
788 1993 906 2029 Codd.
923 2001 960 2027 et
974 1995 1227 2028 vetussissimae
1243 1995 1332 2027 Edd.
1349 1995 1453 2027 item-

136 2051 203 2084 que
230 2040 344 2073 Bentl.
370 2040 467 2072 Olim
491 2041 685 2084 pleraeque
711 2040 802 2072 Edd.
827 2040 868 2072 Si
889 2038 1047 2073 tardior-a
1072 2040 1190 2084 posito
1209 2041 1454 2082 interrogandi

134 2086 232 2128 signo
258 2091 339 2130 post
362 2093 504 2117 manent
528 2085 726 2129 eodemque
751 2085 872 2118 deleto
895 2091 978 2129 post
1002 2086 1174 2127 to.z·icmn;
1198 2095 1347 2128 eamque
1375 2085 1451 2119 lec-

133 2131 268 2163 tionem
291 2131 452 2174 sequitur
477 2130 559 2163 Fen.
585 2131 655 2163 Sed
681 2130 734 2162 Cf.
760 2130 861 2163 Both.
887 2131 1071 2162 Annotatt.
1097 2149 1140 2155 —
1170 2141 1206 2162 v.
1239 2129 1296 2172 64.
1322 2129 1452 2163 labori·-

135 2175 198 2208 bus
223 2175 342 2208 Bentl.
366 2187 409 2208 ex
433 2174 549 2207 Codd.
575 2181 612 2210 et
634 2180 721 2210 vett.
746 2175 835 2208 Edd.
856 2175 924 2207 Alii
946 2173 1136 2207 doloribus.
1164 2174 1219 2207 (ΞΓ.
1248 2175 1333 2208 Fea.
1350 2194 1392 2200 —
1411 2186 1452 2208 v.

133 2222 190 2254 65.
213 2220 347 2266 infidus
371 2226 408 2255 et
433 2219 539 2264 infidi
561 2231 688 2264 aequas
711 2221 785 2254 sere
812 2220 928 2254 Codd.
955 2225 991 2254 et
1017 2225 1102 2255 vett.
1126 2219 1216 2252 Edd.
1251 2221 1453 2255 auctorita-

135 2272 189 2302 tes
212 2265 357 2302 habent.
381 2266 435 2299 Cf.
457 2266 568 2298 Bentl.
595 2272 634 2301 ct
656 2265 742 2301 Fea.
