1526 2404
134 153 188 201 34
587 165 625 205 Q·
658 165 846 213 noun-11!
870 164 1042 209 macer*

610 309 800 350 CAmumv
828 309 976 349 xxm.
1068 345 1074 348 .

528 396 567 435 A
594 396 635 435 Ι)
692 397 727 437 c
755 398 798 437 H
825 398 860 436 L
890 397 930 438 o
958 386 996 436 fi
1024 397 1074 437 N.

318 480 374 514 Ab
401 491 523 515 amore
549 480 666 516 adhuc
690 482 943 516 abhorrentem
968 482 1119 516 delinire
1143 484 1274 519 studet.

609 573 765 606 Metram
791 573 908 608 Car'm.
935 574 965 607 5.

134 652 250 693 Vitas
278 652 450 693 hinuleo
478 667 547 694 me
575 653 740 703 similis,
771 653 929 703 Chloe,

135 706 369 765 Quaerenti
395 708 594 760 pavidam
628 706 839 747 montibus
868 707 970 749 aviis

185 761 385 810 Matrem,
414 775 499 800 non
526 762 614 801 sine
643 775 749 800 vano
891 763 898 772 ’

238 813 450 853 Aurarum
480 823 523 854 et
550 815 679 854 siluae
714 823 830 854 metu
839 829 852 866 3

133 889 238 927 Nam
266 902 342 927 seu
367 886 591 927 mobilibus
621 889 732 927 veris
768 888 975 930 inhorruit
1433 891 1462 932 5

134 942 352 981 Adventus
379 941 516 991 foliis,
545 954 620 980 seu
647 942 802 981 virides
830 942 984 983 rubum
1433 940 1438 951 '

185 995 417 1034 Dimovere
445 995 652 1044 lacertae,

240 1049 296 1087 Et
329 1047 460 1087 corde
489 1055 531 1087 et
559 1048 733 1101 genibus
763 1049 928 1100 tremit,

133 1122 264 1177 Atqui
291 1136 375 1162 non
404 1137 485 1177 ego
514 1131 579 1171 te,
607 1124 726 1177 tigris
754 1133 801 1163 ut
831 1138 979 1178 aspera

135 1175 393 1215 Gaetulusve
422 1178 514 1226 leo,
542 1175 743 1230 frangere
773 1191 1032 1232 persequor:
1417 1192 1464 1218 ιο

188 1229 375 1269 Tandem
404 1230 548 1269 desine
575 1238 753 1269 matrem
945 1233 948 1237 ’

243 1283 513 1337 Tempestiva
540 1282 659 1338 sequi
690 1283 796 1324 viro.

611 1456 800 1498 emmim
845 1458 996 1502 XXIV.

503 1546 600 1585 AD
642 1547 1087 1590 VIRGILIUM.

288 1638 433 1680 Monet,
466 1643 506 1670 ut
531 1638 717 1681 Quinctilii
741 1645 894 1673 mortem
921 1651 1036 1686 aequo
1061 1641 1178 1673 animo
1202 1638 1303 1671 serat.

618 1731 772 1762 ΆῙεεΙίιιη
798 1728 914 1761 Carm.
937 1730 970 1763 6.

135 1808 240 1867 Quis
270 1809 480 1850 desiderio
510 1810 563 1850 sit
588 1810 728 1863 pudor
756 1815 827 1847 aut
863 1809 1014 1850 modus

135 1866 243 1903 Tum
272 1864 356 1902 cari
385 1863 559 1917 capitis?
587 1861 793 1914 Praecipe
830 1861 1031 1915 lugubres

135 1918 312 1967 Cantus,
339 1918 628 1970 Melpomene,
657 1915 723 1956 cui
749 1915 947 1969 liquidam
981 1919 1111 1957 Pater

184 1969 347 2011 Vocem
376 1984 470 2010 cum
498 1971 655 2010 eithara
683 1968 812 2010 dedit.

200 2119 343 2161 XXIII,
370 2132 398 2151 v.
418 2120 448 2153 5.
474 2119 635 2151 Muretus
661 2130 680 2152 e
704 2118 819 2150 Codd.
846 2119 921 2151 vitis
933 2118 1111 2152 inhorwuit
1123 2115 1183 2150 Ad
1194 2125 1342 2152 uentum.
1366 2115 1454 2148 Inde

130 2165 292 2198 coniecit
312 2165 426 2198 Bentl.
452 2166 568 2209 vepris
591 2163 769 2196 inhorruit
791 2162 850 2196 Ad
872 2173 1019 2198 ventum.
1057 2165 1195 2198 Tuetur
1217 2161 1307 2196 hanc
1326 2162 1454 2195 lectio-

132 2221 215 2243 nem
239 2210 473 2254 Doeringius‚
499 2211 641 2256 plurimi
667 2210 842 2243 reiiciunt.
