1526 2404
153 177 208 229 94
284 179 285 183 ’
334 160 343 165 ”
605 187 646 228 q.
673 186 860 214 HORATH
885 185 1045 215 nacci

154 280 256 321 Sive
284 280 464 321 vicarius
494 288 559 321 est
587 280 659 336 qui
687 294 813 321 servo
842 289 985 334 paret,
1011 281 1074 322 uti
1103 295 1196 323 mos

151 333 309 376 Vester
331 335 409 385 ait,
429 348 507 374 seu
524 347 777 375 conservus:
796 334 873 374 tibi
892 334 995 389 quid
1013 348 1112 376 sumss
1123 333 1235 392 ego?
1254 335 1421 389 Nempe
1430 334 1484 377 80

152 388 242 439 Tu,
269 387 371 427 mihi
394 389 466 443 qui
486 388 722 441 imperitas,
752 387 840 426 aliis
860 388 994 428 servis
1017 389 1168 442 miser,
1196 396 1324 444 atque

149 441 332 481 Duceris
359 450 407 481 ut
428 443 568 481 nervis
594 442 737 481 alienis
764 440 921 481 mobile
946 441 1120 496 lignum.

196 495 355 534 uisnam
381 495 511 549 igitur
539 494 679 534 liber?
707 495 904 548 SapienS‚
933 495 1013 535 sibi
1032 496 1106 551 qui
1125 495 1402 550 imperiosus,

197 546 296 588 uein
308 562 447 603 neque
457 548 684 601 pauperies
696 561 835 603 neque
847 562 962 589 mors
973 562 1115 604 neque
1126 548 1293 596 vincula
1302 555 1483 597 terrent,

196 615 423 655 esponsare
453 602 739 655 cupidinibus,
767 610 1040 647 contemnere
1064 603 1250 644 honores
1429 601 1482 642 85

147 656 315 706 Fortis⁷
344 664 389 695 et
414 655 457 694 in
484 669 530 695 se
557 656 648 709 ipse
677 663 815 706 totus,
841 663 956 696 teres
984 664 1110 711 atque
1138 654 1372 707 rotundus,

148 708 326 748 Externi
353 722 406 748 ne
438 709 539 763 quid
568 709 707 749 valeat
734 722 813 762 per
842 708 940 750 leve
967 709 1148 760 morari,

148 763 195 801 In
283 775 350 801 em
377 775 523 802 manca
549 762 634 801 ruit
662 763 831 816 semper
858 763 1043 803 fortuna.
1071 765 1258 804 Potesne

148 816 216 855 Ex
256 815 306 854 iis
336 823 384 854 ut
411 815 634 869 proprium
662 816 764 870 quid
784 815 1000 856 noscere?
1046 816 1246 879 Quinque
1272 815 1432 861 talenta

147 868 361 908 Poscit-te
390 869 565 919 mulier,
594 878 739 920 vexat,
768 869 1022 925 foribusque
1050 869 1270 923 repulsum
1430 880 1482 922 90

146 921 377 961 Perfundit
405 922 571 975 gelida3
598 937 745 962 rursus
772 930 898 963 vocat
906 937 920 974 3
950 923 1068 976 eripe
1099 923 1216 976 turpi

150 976 272 1015 Colla
299 975 424 1029 iugc,
456 975 608 1026 Liber,
639 976 749 1016 liber
777 990 892 1027 sum,
921 976 989 1016 dic
1018 989 1109 1030 age.
1138 977 1235 1015 Non
1260 977 1366 1031 quis.

146 1030 208 1068 Ur
241 1037 283 1068 et
311 1029 422 1067 enim
451 1028 643 1068 dominus
670 1037 855 1069 mentem
883 1043 968 1069 non
998 1029 1127 1079 lenis,
1157 1037 1201 1069 et
1227 1042 1351 1075 acres

149 1043 369 1121 Subiectat
394 1082 503 1125 lasso
534 1082 748 1132 stimulos,
776 1091 1003 1137 versatque
1029 1090 1268 1136 negantem.

106 1163 113 1165 „
147 1135 231 1176 Vel
261 1148 393 1189 quum
419 1135 620 1174 Pausiaca
649 1144 818 1188 torpes,
845 1136 1011 1186 insane,
1037 1135 1215 1185 tabella,
1423 1135 1476 1186 95

150 1188 238 1248 Qui
257 1200 409 1239 peccas
429 1187 563 1225 minus
585 1196 711 1242 atque
733 1202 813 1240 ego
826 1218 838 1238 ‚
869 1203 999 1249 quum
1016 1188 1146 1243 Fulvi
1161 1186 1446 1242 Rutubaeque

146 1241 234 1280 Aut
262 1239 517 1279 Placideiani
543 1249 741 1280 contento
770 1241 934 1293 poplite
961 1240 1094 1280 miror

145 1293 338 1342 Proelia,
366 1292 536 1331 rubrica
562 1293 676 1346 picta
704 1302 775 1333 aut
802 1293 986 1334 carbone
1001 1323 1012 1344 ‚
1035 1293 1155 1335 velut
1179 1292 1215 1332 si

144 1347 212 1386 Re
242 1359 343 1386 vera
372 1354 583 1398 pugnent,
612 1346 790 1397 feriant,
822 1347 1039 1400 vitentque
1067 1353 1292 1385 moventes

145 1399 278 1438 Arma
306 1397 415 1438 viri?
444 1400 634 1453 Nequam
664 1407 706 1438 et
736 1408 922 1439 cessator
950 1401 1095 1440 Davus
1105 1413 1117 1450 3
1148 1407 1190 1438 at
1214 1399 1307 1453 ipse
1406 1411 1480 1440 ioo

146 1451 318 1491 Subtilis
347 1459 543 1491 veterum
574 1451 703 1491 iudex
734 1461 776 1492 et
806 1452 980 1492 callidus
1014 1452 1145 1492 audis.

144 1505 214 1544 Nil
245 1518 351 1558 ego⁷
379 1503 412 1542 si
437 1504 576 1554 ‘ducor
602 1505 688 1544 libo
717 1506 929 1545 fumante:
959 1505 1035 1545 tibi
1062 1505 1213 1559 ingens

144 1558 291 1600 Virtus
319 1565 445 1611 atque
475 1558 633 1597 animus
663 1559 804 1598 coenis
831 1566 1053 1612 responsat
1073 1557 1256 1612 opimis?

146 1609 412 1664 Obsequium
441 1611 599 1650 ventris
628 1611 730 1650 mihi
756 1612 1037 1665 perniciosius
1063 1620 1129 1652 est
1157 1611 1265 1654 cur?

145 1665 289 1717 Tergo
317 1663 486 1715 plector
511 1664 639 1703 enim:
669 1668 742 1719 qui
770 1674 818 1704 tu
845 1665 1089 1718 impunitior
1115 1664 1210 1715 illa,
1403 1665 1478 1705 105

145 1717 269 1775 Quae
296 1729 430 1769 parvo
459 1717 567 1756 sumi
597 1726 836 1772 nequeunt,
866 1718 1043 1758 obsonia
1071 1716 1244 1771 captas?

142 1773 305 1822 Nempe
334 1768 640 1810 inamarescunt
667 1772 817 1824 epulae
846 1771 935 1811 sine
954 1767 1046 1810 ‘fine
1074 1770 1256 1825 petitae,

143 1824 343 1876 Illusique
370 1822 504 1874 pedes
535 1824 729 1864 vitiosum
755 1824 875 1863 ferre
904 1833 1101 1864 recusant
1305 1869 1311 1874 ,

145 1877 325 1928 Corpus.
353 1875 421 1913 An
449 1875 518 1915 hic
546 1886 719 1930 peccat,
748 1876 826 1917 sub
855 1885 1027 1917 noctem
1055 1877 1127 1932 qui
1151 1887 1261 1930 puer
1286 1887 1412 1921 uvam

142 1928 320 1968 Furtiva
346 1937 479 1968 mutat
506 1930 684 1983 strigili?
714 1931 786 1985 qui
843 1930 985 1969 raedia
1013 1930 1183 1981 vendit,
1398 1940 1472 1967 1¹0

142 1981 212 2022 Nil
241 1979 421 2033 servile,
452 1983 574 2035 gulae
601 1997 779 2037 parens,
837 1983 964 2024 abet?
993 1982 1141 2035 Adde,
1170 1979 1286 2037 qUQd.
1313 1978 1427 2020 idem

141 2161 190 2171 --
211 2154 244 2175 v.
266 2143 322 2176 82.
345 2142 485 2184 signum
510 2152 577 2186 pro
603 2142 736 2186 lignum
753 2144 866 2177 Bentl.
891 2153 933 2177 ex
949 2141 1166 2176 coniectura.
1190 2158 1237 2174 -.·-
1258 2151 1291 2174 v.
1307 2149 1383 2183 107,
1405 2140 1471 2175 im=

143 2195 363 2220 marcescunt
379 2187 470 2219 Cod.
487 2187 646 2230 Gotting.
666 2194 699 2221 et
718 2189 852 2231 aliquot
865 2189 960 2221 Feae
972 2210 982 2228 ‚
998 2197 1103 2229 quem
1116 2185 1171 2217 Cf.
1187 2204 1234 2212 —
1254 2197 1287 2217 v.
1303 2194 1378 2227 ¹09.
1399 2195 1472 2224 mm

142 2233 332 2268 Ful-tivum
355 2239 470 2265 mutat
494 2233 672 2276 strigilem
692 2234 853 2267 Lambin.
875 2244 894 2267 e
919 2230 1035 2270 CQdd.
1060 2230 1134 2266 Sed
1148 2229 1231 2267 Vid.
1251 2228 1379 2269 Heind-
