1526 2404
176 179 254 208 102.
616 181 656 222 Q.
687 180 873 208 HORATu
899 180 1057 209 ELAGGI

171 272 343 313 Nodosa
372 285 527 326 eorpus
555 273 663 313 nolis
691 275 923 329 prohibere
951 275 1167 330 cheragra.

170 328 249 366 Est
277 326 455 381 quadam
482 327 656 380 prodire
683 337 828 381 tenus,
855 330 889 369 si
915 343 999 369 non
1028 328 1152 369 datur
1184 330 1310 371 ultra.

172 381 333 420 Fervet
361 380 531 419 avaritia
558 381 800 438 miseroque
837 397 888 423 eu
919 383 1032 422 idine
1058 391 1227 436 pectus:

173 434 281 472 Sunt
312 432 441 473 verba
469 441 512 473 et
539 448 689 486 voces,
716 436 867 493 quibus
928 450 1010 476 unc
1036 436 1170 476 lenire
1196 436 1391 477 dolorem
1471 476 1475 478 .

172 487 338 538 Possis,
373 495 416 526 et
443 501 635 542 magnam
663 489 800 529 morbi
828 490 1044 544 deponere
1078 497 1254 543 partem.
1439 490 1493 532 35

173 540 328 580 Laudis
360 553 503 580 amore
531 549 687 582 tumes:
717 551 812 583 sunt
840 551 956 583 certa
982 543 1167 597 piacula,
1199 557 1306 599 quae
1331 552 1377 584 te

175 602 262 637 'rer
288 607 396 647 pure
423 594 535 634 lecto
567 603 770 649 poterunt
796 611 994 637 recreare
1023 595 1182 636 libello.

174 648 366 698 Invidus,
392 647 638 699 iracundus,
662 650 798 701 iners,
828 651 1020 700 vinosus,
1050 659 1232 701 amator,

173 703 309 741 Nemo
341 701 446 741 adeo
476 701 594 741 ferus
624 712 709 752 est,
738 712 786 743 ut
815 718 898 744 non
925 705 1149 744 mitescere
1186 703 1342 757 possit,

176 755 222 793 Si
249 754 376 794 modo
407 755 596 794 culturae
623 758 851 820 patientem
880 757 1122 797 commodet
1150 770 1306 797 aurem.
1443 759 1498 804 4ο

174 808 321 848 Virtus
351 817 414 848 est
442 808 589 851 vitium
616 810 793 864 fugere,
825 819 868 851 et
902 811 1103 864 sapientia
1128 810 1260 864 prima

178 862 364 901 Stultitia
394 862 591 902 caruisse.
621 864 775 915 Vides,
803 878 910 919 quae
939 865 1116 903 maxima
1139 863 1275 903 credis

176 916 283 954 Esse
311 915 442 966 mala,
473 916 670 969 exiguum
699 931 867 957 censum
896 926 1149 973 turpemque
1177 915 1390 972 repulsam

179 969 349 1026 Quanto
375 969 537 1009 devites
567 970 702 1010 animo
733 971 965 1026 capitisque
993 970 1162 1010 labore:
1494 1007 1499 1010 .

177 1022 363 1076 Impiger
390 1031 601 1063 extremos
632 1025 765 1063 curris
795 1033 1007 1065 mercator
1038 1024 1090 1064 ad
1119 1023 1265 1075 Indos,
1352 1023 1367 1028 “
1448 1020 1504 1070 45

177 1077 264 1115 Per
294 1090 410 1115 mare
437 1077 684 1130 pauperiem
713 1077 902 1132 fugiens,
932 1093 1008 1133 per
1035 1092 1153 1127 saxa,
1184 1091 1266 1131 per
1293 1075 1434 1132 ignes:

178 1130 242 1167 Ne
271 1142 393 1168 cures
426 1143 496 1179 ea,
523 1145 631 1191 quae
659 1131 786 1170 stulte
811 1132 972 1170 miraris
1003 1140 1058 1182 eta
1074 1139 1218 1184 optas,

177 1181 356 1221 Discere
386 1190 429 1221 et
459 1183 603 1222 audire
634 1191 676 1224 et
702 1184 868 1222 meliori
903 1184 1081 1223 credere
1111 1196 1195 1222 non
1225 1181 1317 1223 vis?

178 1234 286 1330 ssuis
320 1236 479 1275 circum
501 1250 633 1291 pagos
664 1244 706 1275 et
734 1236 892 1275 circum
920 1238 1100 1289 compita
1122 1246 1292 1289 pugnax

224 1304 328 1343 agna
355 1290 549 1328 coronari
577 1297 816 1329 contemnat
844 1289 1060 1342 Olympia⁷
1088 1289 1155 1328 cui
1185 1302 1304 1343 speS‚
1453 1288 1507 1330 50

181 1343 260 1383 Cui
288 1343 341 1382 sit
368 1342 550 1382 conditio
582 1343 713 1382 duleis
742 1343 830 1382 sine
856 1343 1035 1395 pulvere
1073 1341 1268 1396 palmae?

178 1396 325 1438 Vilius
347 1404 567 1448 argentum
596 1404 660 1435 est
689 1410 814 1445 auro,
844 1395 1069 1435 virtutibus
1102 1410 1262 1434 aurum.

182 1450 222 1491 Ο
254 1450 390 1499 cives,
420 1449 556 1499 cives,
585 1449 825 1504 quaerenda
851 1449 1030 1501 pecunia
1056 1449 1238 1502 primum
1269 1457 1356 1500 est,

180 1504 326 1545 Virtus
354 1509 453 1557 post
478 1516 682 1541 nummos.
710 1503 828 1542 Haec
855 1503 974 1540 Ianus
1004 1516 1187 1541 summus
1218 1501 1268 1540 ab
1297 1503 1383 1542 imo

179 1557 417 1606 Prodocet3
445 1555 549 1595 haec
576 1556 768 1595 recinunt
795 1555 968 1595 iuvenes
994 1556 1146 1595 dictata
1175 1568 1406 1611 senesque,
1455 1553 1510 1595 55

179 1613 324 1652 Laevo
353 1609 543 1662 suspensi
574 1609 737 1648 loculos
765 1609 1035 1663 tabulamque
1070 1609 1261 1648 lacerto.'

181 1666 260 1703 Est
286 1663 444 1702 animus
471 1662 569 1712 tibi,
599 1671 694 1702 sunt
730 1676 896 1713 mores,
928 1671 991 1701 est
1018 1663 1159 1716 lingua
1190 1661 1380 1718 fidesque
1390 1676 1405 1713 3

183 1718 270 1757 Sed
297 1715 609 1772 quadringentis
628 1729 702 1757 sex
729 1723 893 1770 septem
915 1716 1045 1756 millia
1070 1717 1244 1756 desunt:

182 1874 227 1883 υ-
250 1868 279 1887 v.
296 1856 350 1888 31.
385 1851 552 1886 ›rohibere
566 1852 731 1897 podagra
744 1852 858 1886 Codd.
881 1853 1016 1897 aliquot
1035 1853 1140 1886 Feae.
1160 1871 1207 1878 —-
1228 1864 1259 1885 v.
1274 1853 1329 1885 32.
1342 1845 1510 1899 'quodam

183 1901 347 1946 plerique
363 1866 476 1931 dodd.
495 1904 529 1930 et
549 1899 638 1930 Edd.
663 1897 819 1945 quadam
845 1898 915 1930 duo
940 1898 1053 1930 Codd.
1077 1898 1187 1941 Cruq.
1204 1903 1238 1930 et
1254 1896 1372 1930 schol.
1394 1894 1508 1942 quod-

183 1945 265 1978 dam
291 1944 404 1977 Codd.
426 1943 558 1988 aliquot
577 1945 667 1976 Fcae
685 1951 719 1977 et
736 1949 818 1976 vett.
834 1943 924 1975 Edd.
940 1943 1022 1976 Vid.
1040 1943 1154 1974 Bentl.
1178 1948 1213 1974 et
1227 1943 1307 1976 Fea.
1328 1961 1372 1967 —
1399 1952 1430 1972 v.
1454 1941 1509 1974 33.

184 1992 388 2035 miser-aque
401 1988 491 2021 Cod.
506 1990 635 2021 Boi-sm.
656 1996 689 2021 vt
705 1989 768 2021 Ed.
783 1989 869 2021 Ven.
885 2009 928 2014 —
939 2001 968 2020 v.
989 1987 1043 2030 4ο.
1060 1985 1262 2020 accomodet
1274 1987 1364 2018 Coll.
1377 1985 1458 2017 Sax.
1474 1991 1511 2018 et

185 2035 276 2068 eod.
292 2037 423 2068 Bersm.
437 2054 479 2059 —
494 2046 524 2066 v.
541 2033 731 2076 4‘1-‹1111'1120
747 2034 861 2066 Codd.
876 2035 1012 2077 aliquot
1026 2033 1133 2076 Cruq.
1145 2033 1213 2064 Alii
1231 2031 1403 2062 animi.—
1419 2028 1509 2062 Ibid.

184 2081 330 2115 labore?
351 2079 439 2112 (jod.
462 2080 563 2111 Fene.
590 2080 642 2111 Cf.
665 2079 761 2112 [alin.
784 2097 825 2103 -—
848 2091 877 2111 v.
899 2078 953 2120 48.
980 2076 1108 2110 audere
1131 2077 1195 2108 Ed.
1211 2077 1325 2120 prima
1343 2076 1397 2107 Cf.
1420 2075 1510 2108 Ges-

185 2137 260 2160 ner.
284 2145 329 2151 -—
360 2137 390 2157 v.
412 2126 466 2158 55.
492 2123 665 2157 prodocet
688 2124 830 2168 plurimi
857 2123 971 2156 Codd.
995 2123 1063 2162 Alii
1088 2133 1170 2165 cunr
1193 2126 1272 2154 vett.
1294 2120 1385 2152 Edd.
1405 2132 1510 2164 prae-

185 2170 286 2207 docet
300 2176 359 2204 aut
370 2168 536 2216 perdocet
555 2171 607 2201 (js.
630 2171 741 2201 Bentl.
759 2174 793 2201 et
810 2170 836 2200 F
840 2180 892 2202 ea.
912 2186 958 2193 —-·
977 2165 1066 2199 Jhid.
1086 2178 1251 2212 senesque
1273 2174 1306 2198 et
1323 2164 1511 2197 Markland

190 2218 283 2250 coni.
316 2217 368 2249 Cf,
400 2215 537 2247 Gesner
571 2220 605 2247 et
634 2214 732 2246 Iahn.
767 2232 810 2238 —
838 2226 868 2245 v.
893 2215 933 2256 57
957 2218 991 2245 et
1012 2213 1066 2245 58.
1099 2213 1235 2244 Locum
1258 2212 1305 2243 ita
1325 2210 1512 2242 constituit

190 2264 298 2307 Cruq.
315 2274 334 2295 e
349 2261 438 2295 Cod.
456 2260 632 2307 probante
648 2260 759 2293 Bentl.
779 2270 883 2304 quem
900 2257 981 2291 Vid.
1003 2258 1153 2301 Vulgata
1172 2257 1279 2289 lectio
1302 2256 1387 2289 olim
1414 2260 1509 2288 erat:
