1526 2404
488 161 724 190 amnon
755 162 839 188 muz.
867 149 897 189 1.
926 162 965 189 2.
1343 167 1382 194 ιι

74 256 205 288 tissime
239 255 425 297 ostendat,
457 266 563 301 quam
594 258 641 289 sit
669 266 775 300 grave
799 262 837 290 et
859 256 1102 301 periculosum
1125 257 1170 291 ab
1194 269 1302 292 aurea
1325 259 1388 292 ina

74 301 322 335 mediocritate
336 302 466 335 utravis
482 306 584 346 parte
605 301 789 335 recedere.
813 299 999 347 Heindorf.

73 409 402 458 Ambubaiarum
428 410 539 451 colle
572 411 635 462 'a,
662 409 1042 466 pharmacopolae,

70 463 276 514 Mendici,
302 464 476 513 mimae,
501 463 529 503 b
572 474 739 505 atrones
755 494 768 514 ‚
796 464 879 505 hoc
905 477 1038 518 genus
1067 478 1192 508 omne

74 517 283 558 Moestum
309 530 358 556 ac
386 517 610 558 sollicitum
636 526 702 558 est
727 518 907 558 cantoris
935 525 1073 558 morte
1101 520 1270 575 Tigelli.

118 570 247 624 uippe
272 569 476 624 benignus
502 579 606 611 erat.
632 572 789 612 Contra
811 571 904 621 hic,
931 585 985 611 ne
1010 572 1215 627 prodigus
1242 588 1336 616 esse

70 624 91 662 1
114 623 249 663 icatur
275 631 489 673 metuens,
514 623 630 678 inopi
657 624 758 664 dare
785 624 892 664 nolit
920 623 1077 675 amico,
1360 629 1389 670 5

72 676 226 730 Frigus
254 690 340 731 quo
371 676 604 732 duramque
631 676 787 718 famem
815 676 1033 731 depellere
1060 681 1206 732 possit.

71 731 196 769 Hunc
224 730 261 768 si
283 730 572 782 perconteris,
599 731 666 771 avi
693 744 769 771 cur
802 738 929 785 atque
954 733 1140 784 parentis

72 781 339 822 Praeclaram
372 781 536 844 ingrata
563 785 739 839 stringat
764 784 897 823 malus
925 784 1113 837 ingluvie
1139 800 1256 839 rem,

73 834 225 875 Omnia
252 834 467 875 conductis
489 835 686 877 coemens
714 836 888 877 obsonia
915 837 1113 877 nummis:

75 887 280 927 Sordidus
308 896 435 942 atque
461 890 584 930 animi
671 890 727 929 od
752 890 872 943 parvi
898 890 1003 929 nolit
1029 890 1201 942 haberi,
1342 906 1390 933 ιο

72 939 332 1003 Respondet.
358 941 573 982 Laudatur
599 905 669 983 dlii
677 943 762 993 his,
791 943 986 996 culpatur
1013 943 1064 983 ab
1094 944 1188 984 iuis.

72 993 261 1034 Fufidius
287 1007 450 1048 vappae
477 995 630 1036 famam
657 997 777 1036 timet
806 1009 854 1035 ac
879 996 1124 1046 nebulonis,

73 1046 205 1087 Dives
232 1061 255 1086 a
311 1052 321 1061 '
355 1078 367 1098 ,
394 1047 512 1088 (lives
538 1050 685 1102 positis
712 1050 755 1089 in
784 1048 938 1088 fenore
964 1051 1167 1102 nummis,

115 1100 232 1139 ninas
257 1060 480 1163 ffloepffi
505 1102 725 1143 mercedes
753 1110 946 1153 exsecat,
978 1111 1105 1157 atque

113 1161 241 1193 uanto
266 1154 477 1207 perditior
504 1156 683 1211 quisque
712 1164 776 1196 est
790 1186 803 1205 ,
827 1163 944 1195 tanto
973 1156 1109 1196 acrius
1135 1166 1286 1213 urget3
1342 1158 1390 1199 15

110 1205 247 1246 omina
272 1215 480 1258 sectatur,
505 1209 633 1250 modo
662 1217 796 1249 sumta
824 1216 943 1248 veste
970 1210 1104 1260 virili,

71 1259 159 1300 Sub
181 1259 368 1312 patribus
396 1260 535 1311 ‹lm-is,
563 1263 760 1302 tironum.
795 1262 1000 1312 Maxime,
1026 1263 1119 1318 quis
1149 1277 1257 1315 non,

70 1313 253 1366 Iupiter,
280 1314 507 1364 exclamat,
534 1316 699 1355 simulat
731 1330 785 1356 ue
812 1315 1000 1355 audivit?
1027 1340 1082 1346 --
1108 1317 1166 1356 At
1193 1318 1236 1357 in
1263 1331 1311 1357 se

70 1367 158 1405 Pro
186 1375 364 1421 quaestu
381 1376 562 1408 sumtum
583 1368 685 1408 facit
735 1370 787 1410 ic.
817 1391 870 1398 —
895 1368 979 1410 Vix
997 1369 1178 1410 credere
1197 1372 1333 1424 possis

72 1419 211 1472 Quam
228 1419 307 1458 sibi
324 1434 407 1460 non
424 1421 476 1460 sit
499 1423 674 1462 amicus:
703 1424 761 1462 ita
779 1430 828 1461 ut
846 1430 968 1475 pater
986 1422 1080 1472 ille,
1109 1425 1284 1464 Terenti
1334 1437 1386 1464 ’.ιο

70 1471 230 1511 Fabula
258 1487 383 1527 quem
407 1475 606 1514 miserum
634 1485 730 1515 nato
760 1475 910 1516 vixisse
937 1474 1086 1529 fugato

72 1524 254 1574 lnducit‚
280 1540 363 1564 non
390 1541 435 1565 se
462 1529 582 1580 peius
610 1529 859 1569 cruciaverit
885 1536 1011 1582 atque
1039 1529 1119 1568 hic.

73 1578 118 1618 Si
136 1578 228 1632 quis
248 1592 355 1617 nunc
377 1590 571 1633 quaerat,
602 1582 698 1642 Quo
722 1597 788 1622 res
812 1582 915 1621 haec
937 1582 1151 1634 pertinet?
1180 1584 1304 1624 Illuc:

74 1633 187 1670 Dum
215 1631 342 1670 vitant
370 1633 486 1671 stulti
516 1635 632 1683 vitia,
660 1636 701 1673 in
729 1636 936 1674 contraria
964 1645 1148 1675 currunt.

71 1684 294 1724 Malthinus
321 1686 469 1724 tunicis
498 1686 684 1726 demissis
712 1688 915 1737 ambula13
945 1696 1008 1727 est
1037 1691 1109 1742 qui
1334 1692 1386 1730 25

72 1739 229 1791 Inguen
258 1737 309 1775 ad
337 1738 591 1778 obscoenum
621 1740 832 1779 subductis
865 1755 996 1802 nsque
1028 1741 1204 1782 facetus.

71 1790 266 1829 Pastillos
294 1790 469 1830 Rufillus
499 1792 609 1841 olet,
638 1793 873 1846 Gargonius
902 1794 1076 1834 hircum.

71 1844 140 1883 Nil
171 1843 355 1882 medium
384 1852 459 1883 est.
487 1845 592 1884 Sunt
619 1846 691 1900 qui
718 1846 848 1886 nolint
874 1847 1063 1901 tetigisse
1090 1849 1168 1887 nisi
1192 1848 1306 1899 illas,

139 1985 199 2027 ΙΙ,
221 1997 259 2019 v.
282 1986 317 2019 6.
349 1986 538 2031 propellere
560 1986 666 2029 longe
690 1987 833 2031 plurimi
858 1985 978 2022 Codd.
1015 1989 1084 2021 Alii
1119 2001 1200 2022 cum
1234 1990 1386 2022 maxima

73 2035 176 2073 parte
191 2031 385 2064 editionum
398 2031 573 2076 depellere.
600 2033 655 2064 (J.
672 2032 791 2065 Bentl.
810 2039 847 2068 et
867 2031 992 2065 Heind.
1018 2053 1061 2058 —
1083 2046 1119 2066 v.
1140 2034 1385 2076 142mercedes

74 2076 191 2119 erigit.
214 2076 279 2108 Ed.
294 2076 462 2109 Glarean,
485 2096 531 2101 —
553 2089 589 2109 v.
609 2078 659 2109 18.
683 2086 722 2110 at
742 2079 813 2123 ipse
827 2077 891 2111 Ed.
909 2075 997 2110 ven.
1013 2085 1048 2111 et
1064 2079 1230 2111 Glarean.
1258 2090 1324 2123 pru
1347 2081 1386 2111 ιἰι

74 2130 122 2154 te.
145 2138 193 2144 —
211 2132 248 2153 v.
264 2122 318 2154 25.
344 2121 461 2155 Codd.
486 2128 523 2156 et
548 2120 638 2154 Edd.
664 2129 802 2156 veteres
827 2124 920 2155 varie
940 2123 1159 2163 Maltlu'was,
1181 2123 1385 2162 amanus,

75 2162 286 2204 Molchia-ms,
296 2167 394 2210 quod
407 2167 550 2210 quidem
565 2167 677 2200 Bentl.
694 2170 880 2211 praetulit,
901 2173 937 2200 et
952 2167 1173 2200 Mae-himas.
1198 2169 1252 2200 Cf.
1268 2169 1385 2201 Bentl.

77 2207 115 2240 et
126 2208 247 2242 Heind.
261 2227 306 2235 —
327 2222 364 2244 v.
389 2223 445 2256 27.
469 2213 671 2257 Gargettius
695 2214 808 2247 Bentl.
829 2226 849 2247 e
872 2212 987 2245 codd.
1015 2213 1117 2255 vulg.
1145 2214 1359 2257 Gor-gom'us.
