1526 2404
160 181 234 232 146
587 197 628 238 Q·
657 197 839 225 noun-n
866 196 1035 226 tucci.

208 289 415 342 Serpentc
441 289 552 345 fugit
580 291 689 331 alite.

154 344 241 382 Nec
266 351 403 382 tantus
426 351 620 399 unquam
636 343 821 385 siderum
847 344 1000 386 insedit
1026 358 1159 400 vapor
1428 362 1475 386 ιο

207 396 455 437 Siticulosae
484 398 682 451 Apuliae:
986 415 997 423 «-

153 450 239 488 Nec
265 464 413 491 munus
439 451 624 493 humeris
653 448 837 489 efficacis
864 449 1063 490 Herculis

202 504 350 543 Inar-sit
376 504 620 544 aestuosius.

151 556 230 605 At,
257 556 291 595 si
319 557 422 611 quid
448 571 631 612 unquam
657 556 741 596 tale
770 554 1088 609 concupiveris,
1153 603 1156 608 ,

201 610 348 650 Iocose
375 611 616 660 Maecenas,
641 622 800 663 precor
1421 621 1474 649 20

149 664 315 702 Manum
342 664 484 717 puella
511 663 626 703 savio
655 677 680 702 o
713 670 841 717 ponat
867 670 969 715 tuo,

200 717 401 757 Extrema
429 725 473 758 et
498 717 541 756 in
567 730 672 770 spon
705 731 727 756 a
754 716 892 757 cubet⁴

660 854 855 895 CAmmn
895 853 969 897 IV.

148 957 203 996 IN
231 956 443 1015 CNEmM
468 954 769 996 POMPEIUM
798 955 927 997 CNEI
945 953 1238 994 LfflERTUM
1257 952 1471 993 MENAM.

200 1038 264 1077 'Ex
286 1055 388 1078 servo
413 1045 558 1079 divitem
581 1046 715 1080 factum
738 1051 776 1079 et
797 1046 981 1087 tribunum
998 1045 1152 1079 militum
1167 1044 1214 1079 ob
1233 1044 1471 1088 arrogantiam

148 1091 373 1124 acerbissime
400 1089 555 1125 deridet.

663 1172 831 1206 stIetrum
851 1171 956 1206 idem.

146 1245 276 1298 Lupis
305 1253 349 1285 et
377 1246 491 1300 agnis
548 1255 674 1295 ‘nanta
695 1241 857 1287 sortito*
876 1244 1051 1298 obtigit,
1089 1299 1092 1303 .

199 1300 360 1338 Tecum
387 1299 489 1338 mihi
545 1300 724 1340 iscordia
751 1308 838 1351 est,

145 1351 316 1391 Ibericis
344 1361 516 1405 peruste
542 1353 710 1393 funibus
737 1353 868 1405 latus,

198 1406 255 1444 Et
281 1418 405 1447 crura
433 1406 537 1446 dura
566 1406 788 1459 compede·

144 1456 266 1497 Licet
294 1458 501 1511 superbus
528 1459 712 1499 ambules
739 1459 941 1513 pecunia,
1224 1510 1228 1515 Ι
1441 1460 1470 1501 5
1503 1468 1506 1470 ’

198 1511 384 1550 Fortuna
410 1527 494 1551 non
521 1520 654 1552 mutat
680 1525 827 1566 genus,

143 1563 351 1614 Videsne,
376 1564 545 1606 Sacram
571 1566 770 1606 metiente
800 1574 845 1606 te
873 1567 982 1607 viam

198 1618 306 1657 Cum
331 1617 395 1656 bis
423 1619 549 1658 trium
577 1619 768 1658 ulnarum
794 1626 919 1674 toga,

142 1671 198 1710 Ut
226 1684 301 1709 ora
327 1680 464 1711 vertat
489 1672 572 1711 huc
603 1680 646 1711 et
673 1673 755 1713 huc
787 1675 974 1714 euntium

193 1723 428 1763 Liberrima
456 1725 714 1779 indignatio?
1418 1737 1466 1764 10

142 1776 290 1816 Sectus
318 1776 494 1838 flagellis
523 1779 590 1818 hic
621 1779 992 1832 'rriumviralibus‚

191 1831 418 1869 Praeconis
448 1831 499 1870 ad
530 1832 765 1883 fastidium,

139 1884 246 1923 Arat
274 1883 442 1923 Falerni
474 1885 587 1926 mille
615 1884 736 1927 fundi
761 1886 936 1942 iugera,

138 2051 182 2060 —
205 2045 237 2067 v.
261 2043 316 2069 20.
339 2033 465 2067 Iocosa
489 2036 690 2069 Markland.
715 2037 809 2070 coni.
833 2035 888 2068 Cr.
912 2037 996 2069 Fea.
1018 2052 1064 2060 —
1101 2045 1133 2066 v.
1158 2044 1214 2068 αι.
1238 2033 1292 2068 De
1315 2034 1460 2080 scripti-

139 2090 207 2112 one
233 2081 329 2113 savio
354 2080 433 2114 Vid.
454 2082 536 2114 Fca.
560 2082 684 2115 Plures
709 2082 825 2114 Codd.
851 2087 887 2114 et
908 2080 1000 2115 Edd.
1024 2081 1159 2113 suavia.

205 2124 269 2158 IV.
293 2125 496 2158 Admodum
522 2128 634 2161 variat
657 2128 841 2172 inscriptio
867 2128 902 2159 in
925 2125 1040 2158 codd.
1065 2130 1101 2157 et
1124 2121 1218 2160 Edd.
1251 2124 1327 2158 Nos
1349 2125 1459 2157 Feam

136 2171 247 2204 secuti
283 2181 422 2210 sumus,
458 2183 562 2214 quem
588 2172 643 2204 Cf.
668 2191 712 2197 -
743 2185 773 2204 v.
803 2174 836 2206 8.
862 2173 915 2204 Ita
937 2169 1061 2204 Barth.
1086 2168 1174 2203 Adv.
1210 2168 1272 2212 54,
1297 2171 1354 2204 26.
1379 2175 1458 2202 tan-

137 2227 243 2259 quam
269 2227 312 2248 ex
337 2217 431 2249 libro
457 2222 495 2251 et
518 2217 634 2253 Bentl.
659 2217 816 2260 Vulgata
839 2218 972 2253 lectio:
1005 2215 1055 2249 bis
1080 2224 1132 2250 ter
1155 2214 1326 2249 adnm-um
1349 2223 1456 2248 cons-
1479 2258 1482 2261 Δ

135 2262 225 2294 tanti
250 2261 350 2298 MSS.
377 2273 565 2298 consensu,
593 2262 636 2298 V.
661 2263 776 2299 Bentl.
