1526 2404
508 159 747 187 sannorum
775 159 863 186 mn.
886 146 917 185 1.
944 153 983 195 4.
1354 150 1405 192 23

92 254 180 295 Aut
197 254 250 295 ab
266 253 438 295 avan-itia
457 261 530 292 aut
548 253 699 293 misera
719 252 943 293 ambitione
962 252 1143 297 laborat.

92 308 174 348 Hic
190 316 413 362 nuptarum
435 306 583 346 insanit
602 306 835 356 amoribus,
852 305 921 346 hic
938 320 1194 360 puerormn3

90 362 216 403 Hune
233 363 343 415 capit
365 361 527 414 argenti
547 359 769 413 splendor3
795 367 938 413 stupet
957 359 1105 400 Albius
1125 375 1248 414 aere3

91 414 173 454 Hic
189 423 323 455 mutat
338 427 501 454 merces
521 421 721 468 surgente
734 427 764 451 ⁴a
782 411 873 452 sole
891 413 944 452 ad
965 427 1060 466 eum
1073 444 1084 464 ‚
1112 429 1197 469 quo

90 467 343 522 vespertina
359 476 479 520 tepet
495 467 641 519 regio;
666 467 767 521 quin
786 479 866 519 per
887 467 996 505 mala
1012 481 1219 522 praeceps
1351 469 1405 511 30

87 520 268 572 Fertur,
293 521 354 560 uti
372 520 509 574 pulvis
530 520 734 559 collectus
750 518 939 569 turbine,
964 534 1018 559 ne
1038 520 1141 575 quid

89 573 260 613 Summa
278 573 485 627 deperdat
501 581 715 623 metuens,
743 581 815 612 aut
834 573 1003 626 ampliet
1020 582 1069 613 nt
1085 587 1193 614 rem.

92 626 251 667 Omnes
278 627 324 666 hi
351 633 542 666 metuunt
569 639 739 674 versus,
768 626 899 666 odere
925 629 1089 679 poetas.
1114 650 1171 656 —

85 680 124 719 F
126 693 250 720 enum
276 680 404 720 habet
426 680 471 718 in
491 692 644 729 cornu,
671 679 799 732 longe
820 679 945 732 fuge3
973 679 1202 720 dummodo
1220 680 1354 721 risum

85 733 282 772 Excutiat
306 733 406 783 sibi,
434 746 518 772 non
534 731 604 770 hic
623 733 813 787 cuiquam
831 740 979 785 parcet
999 734 1130 773 amico
1141 748 1155 784 3
1349 735 1404 777 35

85 786 168 830 Et,
201 786 483 841 quodcunque
507 786 639 838 semel
666 785 818 825 chartis
838 787 1044 837 illeverit,
1073 800 1218 827 omnes

89 839 254 878 Gestiet
281 853 305 878 a
328 838 456 878 furno
484 838 712 878 redeuntes
740 838 849 878 scire
877 839 1076 894 lacuque,

84 891 143 930 Et
167 906 325 945 pueros
353 900 398 931 et
424 906 537 930 anus.
564 914 623 937 -z
644 891 861 946 Agedum,
883 906 1016 946 pauca
1044 894 1187 947 accipe
1214 904 1389 936 contra-i

84 944 276 984 Primum
296 958 377 999 ego
400 958 468 984 me
495 945 685 994 illorum,
706 945 895 984 dederim
915 946 1064 1000 quibus
1084 961 1177 987 esse
1194 951 1281 1001 po&
1287 950 1359 999 lis,

88 997 324 1051 Excerpam
340 1012 530 1037 numero.
561 999 709 1052 Neque
728 998 837 1037 enim
856 1000 1111 1040 concludere
1127 1014 1298 1041 versum
1349 1008 1403 1051 40

87 1050 255 1090 Dixeris
285 1064 379 1091 esse
411 1051 532 1101 satis,
559 1064 722 1105 neque,
748 1053 783 1091 si
810 1052 884 1106 qui
910 1052 1087 1103 scribat,
1111 1055 1174 1094 uti
1198 1069 1299 1108 nos,

86 1103 279 1143 Semoni
301 1105 526 1158 propiora,
554 1112 677 1157 putes
704 1104 815 1143 huuc
842 1119 935 1145 esse
962 1109 1146 1160 poetam.

80 1156 294 1210 Ingenium
322 1157 390 1196 cui
415 1158 490 1208 sit,
516 1158 585 1196 cui
610 1171 726 1197 mens
754 1158 956 1208 divinior,
985 1168 1111 1215 atque
1141 1174 1190 1201 os

78 1210 228 1270 Magna
253 1218 521 1260 sonaturum,
550 1210 624 1250 des
651 1210 832 1250 nominis
859 1212 982 1252 huius
1009 1213 1228 1254 honorem.
1271 1220 1284 1235 “

79 1262 242 1311 Idcirco
270 1263 460 1317 quidam,
489 1264 719 1304 Comoedia
743 1277 875 1305 necne
902 1266 1056 1319 poe‘ma
1346 1268 1402 1318 45

80 1315 228 1364 Esset,
315 1317 503 1357 aesivere
511 1331 524 1367 3
553 1317 667 1371 quod
695 1330 794 1356 acer
824 1319 995 1372 spiritus
1023 1333 1071 1360 ac
1102 1321 1166 1361 vis

76 1369 166 1408 Nec
195 1331 334 1409 verbis
359 1383 439 1409 nec
464 1369 593 1409 rebus
618 1370 752 1418 inest,
774 1373 853 1411 nisi
910 1374 995 1413 uod
1019 1374 1132 1427 pede
1168 1383 1288 1415 certo

79 1421 241 1462 Differt
266 1423 450 1462 sermoni
476 1437 616 1462 sermo
643 1437 797 1464 merus.
817 1449 872 1455 —-
928 1434 948 1465 t
973 1435 1096 1481 pater
1125 1428 1275 1468 ardens

79 1472 244 1524 Saevit,
270 1476 387 1530 quod
413 1477 640 1516 meretrice
667 1491 800 1531 nepos
827 1479 996 1520 insanus
1019 1481 1150 1520 amica

78 1526 211 1566 Filius
238 1542 415 1567 uxorem
444 1529 592 1582 grandi
618 1543 712 1569 cum
745 1532 846 1571 dote
868 1543 1061 1584 recuset,
1345 1536 1400 1577 50

78 1579 232 1619 Ebrius
261 1589 327 1630 et,
346 1595 544 1634 magnum
569 1583 684 1636 quod
705 1584 911 1635 dedecus,
937 1588 1124 1627 ambulet
1142 1596 1239 1633 ante

78 1633 257 1672 Noctem
288 1646 383 1672 cum
411 1634 588 1673 facibus.
605 1658 661 1666 --
674 1638 884 1692 Numquid
912 1641 1170 1694 Pomponius
1196 1642 1285 1682 istis

18 1694 25 1698 ’
77 1685 258 1725 Audiret
288 1687 471 1734 leviora,
501 1695 623 1740 pater
649 1689 685 1727 si
719 1691 911 1730 viveret?
942 1694 1059 1748 Ergo

76 1739 170 1778 Non
197 1739 293 1778 satis
331 1747 395 1778 est
449 1741 534 1779 uris
561 1754 731 1780 versum
762 1745 1029 1796 perscribere
1058 1747 1201 1787 verbis
1214 1776 1227 1799 ,

78 1791 218 1849 Quem
253 1792 288 1831 si
317 1792 427 1831 disso
448 1806 541 1844 vas,
573 1794 707 1848 quivis
742 1797 1025 1839 stomachetur
1053 1800 1207 1841 eodem
1343 1801 1398 1842 55

79 1944 125 1951 -
147 1939 179 1958 v.
196 1927 249 1960 26.
277 1928 403 1961 Plures
430 1927 549 1962 Codd.
573 1931 683 1965 miser.
707 1931 780 1965 Sed
795 1932 947 1967 Cs.Fea.
968 1953 1014 1960 —
1036 1935 1183 1968 Plurimi
1209 1933 1328 1968 Codd.
1350 1934 1395 1967 ob

78 1972 276 2004 avaritiam.
294 1972 376 2005 vid.
396 1973 491 2006 Iahn.
517 1993 559 1999 —
585 1987 613 2007 v.
630 1977 691 2017 28.ἱ
709 1989 794 2009 aera
817 1981 910 2012 coni.
934 1979 1126 2013 Burmann.
1140 1981 1184 2013 V.
1209 1979 1336 2014 Heind.
1349 1998 1395 2005 —

78 2027 110 2047 v.
138 2018 192 2050 35.
228 2017 292 2049 tihi
310 2028 378 2062 pro
402 2018 468 2051 sibi
488 2020 578 2052 coni.
606 2021 765 2064 Rutgers.
789 2023 965 2067 probante
992 2025 1117 2058 Heind.
1143 2037 1249 2069 quem
1274 2025 1318 2058 V.
1348 2043 1394 2050 -

76 2071 109 2092 v.
132 2062 188 2103 39.
210 2064 322 2106 poetis
346 2063 469 2098 Bentl.
494 2065 688 2097 secundum
708 2067 888 2102 Acronem
911 2068 958 2103 ad
980 2071 1056 2105 Sat.
1081 2072 1118 2111 1,
1137 2071 1181 2112 6,
1206 2073 1260 2104 25.
1275 2070 1392 2103 Codd.

80 2114 202 2183 pirgi-¹1:¹5³
222 2115 426 2186 Ῑὲῗεὶιὲῖῃ-
461 2108 643 2189 nrm—50⁸1·
662 2112 727 2174 qui
746 2111 868 2190 Btentl.
895 2126 915 2147 c
939 2115 1055 2148 Codd.
1080 2116 1315 2193 Αέιιὶόᾙωὲ.
1334 2113 1389 2149 Cf.

81 2174 242 2236 plurib-us
265 2177 388 2234 codd]
409 2172 470 2231 CT.
491 2178 593 2232 Both.
608 2167 805 2238 ,Alrlffltffit-
827 2165 866 2195 et
888 2168 978 2197 ‘ers'
998 2171 1073 2205 seq·
1306 2172 1348 2193 ea
1370 2171 1390 2193 e
