1526 2404
161 151 213 195 9⁰
610 159 650 199 q.
678 159 864 187 uoaAru
891 161 1051 188 nacci

161 260 387 284 communem
421 251 594 295 exagitare
619 253 765 300 incipit,
800 267 869 300 qua
895 267 940 290 ne
963 257 1001 292 in
1025 257 1118 291 vitiis
1142 257 1287 302 quidem
1311 257 1379 291 sibi
1406 269 1495 293 con·

159 300 253 328 stare
283 298 545 339 consueverint,
581 300 800 345 eandemque
835 301 939 334 etiam
962 302 1000 334 in
1025 302 1209 336 dominum
1232 314 1334 336 suum
1364 303 1495 338 cadere

160 341 329 374 ostendit.
344 342 460 386 Atque
478 354 517 375 ea
534 345 697 387 quidem,
715 357 804 390 quae
821 357 939 379 servus
951 347 1098 381 Horatio
1111 348 1237 382 obiicit
1255 360 1344 381 vers.
1357 350 1494 391 23—35

158 396 233 418 non
258 388 362 430 plane
388 398 408 419 a
433 399 516 420 vero
539 389 659 423 abesse
684 391 787 424 facile
820 391 961 434 credas,
1001 393 1106 426 etiam
1124 393 1154 425 si
1177 393 1287 438 ipsius
1311 394 1492 428 consessio

157 441 232 463 non
252 431 397 464 accedat
410 433 527 477 Epist.
543 434 582 476 Ι,
602 436 641 476 8,
663 447 673 467 ι
686 447 697 468 ι
720 448 815 482 seqq.
835 445 868 469 et
885 437 918 478 Ι,
945 448 975 478 ι,
993 448 1037 481 97
1055 449 1116 484 seq
1144 449 1174 477 .;
1195 437 1260 471 sed
1276 449 1320 471 ne
1340 449 1381 471 ea
1403 450 1494 484 quo-

158 487 230 519 que
252 488 342 520 quae
369 489 454 510 vers.
472 477 516 520 46
538 483 751 523 sequuntur,
782 482 844 514 ubi
871 488 996 515 contra
1021 494 1104 516 moe
1151 493 1192 515 os
1214 493 1331 516 servus
1357 484 1494 517 invehi-

157 526 235 563 tur,
270 523 363 555 serio
390 533 409 554 a
433 524 569 557 lectore
599 526 818 570 accipiantur
850 532 909 559 aut
942 539 1064 561 verum
1096 527 1180 560 inde
1209 529 1343 561 crimen
1369 534 1494 562 contra

156 572 287 611 poetae
310 579 429 608 mores
462 574 495 601 et
522 570 700 612 ingenium
723 578 886 616 petatur,
920 574 1004 606 satis
1037 578 1180 606 caretur
1205 583 1306 605 ver-su
1330 571 1387 615 45.
1417 579 1494 606 tum

159 622 267 644 versu
283 623 325 655 72
337 637 348 655 ,
373 614 431 656 qui
457 615 550 646 clare
567 616 739 659 ostendit,
756 617 940 660 quomodo
961 619 1050 651 servi
1066 617 1247 650 accusatio
1265 618 1495 661 intelligenda

157 657 215 689 sit.
236 658 361 701 Neque
379 670 421 690 ea
438 660 601 702 quidem,
629 673 719 704 quae
735 674 820 694 ver-s.
835 665 989 704 95—-101
1007 663 1246 709 proferuntur
1259 668 1389 707 poetae
1408 674 1492 708 per-

155 712 280 734 sonam
303 709 484 747 spectare,
509 707 691 748 sequentia
716 707 864 749 docent,
899 709 1060 751 inprimis
1087 719 1174 741 vet-s.
1196 716 1270 742 110·
1310 707 1382 741 Sed
1406 708 1493 752 quid

155 747 222 779 sihi
248 749 358 780 voluit
384 748 546 782 Horatius
572 749 636 783 hac
658 753 764 784 satira
789 747 1076 786 conscribenda?
1111 751 1225 785 Nobis
1250 752 1394 796 quidem
1424 753 1491 786 sibi

152 794 261 837 plane
286 793 382 826 idem
405 796 635 839 proposuisse
660 797 817 839 videtur,
848 798 947 842 quod
979 799 1015 830 in
1040 798 1154 830 Satira
1178 794 1228 829 111
1255 796 1358 830 huius
1381 799 1491 843 septi-

153 849 235 871 mae
258 850 429 882 perquam
454 840 576 881 simili,
599 842 764 874 nimirum
786 849 824 875 ut
848 843 1071 886 languidam,
1096 840 1259 888 putidam
1276 848 1316 877 ret
1341 843 1492 876 inertem

153 884 395 925 garrulitatem
422 884 622 927 derideret,
648 896 717 930 qua
740 888 943 921 Stoicorum
969 889 1043 922 eius
1068 888 1215 928 aetatis,
1249 892 1288 919 ut
1313 888 1491 931 Stertinii,

152 933 194 960 ut
218 928 394 973 Crispini,
430 932 560 975 scripta
583 931 803 966 laborabant.
841 934 1068 965 Contrarium
1097 933 1204 976 igitur
1236 932 1273 964 in
1297 931 1351 965 hta
1371 933 1491 965 ⁴satiris

154 975 354 1016 exemplum
374 977 562 1020 proponit,
587 988 655 1020 qua
670 978 813 1011 tandem
829 979 968 1011 ratione
985 978 1073 1011 haec
1091 978 1295 1010 Stoicorum
1310 977 1491 1012 celebrata

152 1018 382 1067 παράδοξα
406 1021 591 1053 tractanda
608 1023 696 1064 siut,
722 1024 819 1067 quod
836 1023 981 1067 quidem
997 1030 1069 1056 tam
1084 1023 1297 1064 luculenter,
1318 1027 1392 1054 tam
1409 1032 1490 1066 gra-

152 1073 244 1105 viter
267 1079 301 1106 et
324 1075 505 1116 ingeniose
530 1076 648 1109 facere
673 1078 843 1118 instituit,
872 1084 911 1110 ut
936 1078 1040 1110 nobis
1063 1083 1100 1111 et
1122 1088 1327 1120 germanam
1350 1086 1489 1120 germa-

152 1128 283 1150 norum
308 1119 511 1152 Stoicorum
534 1123 743 1155 sententiam
768 1129 1022 1166 repraesentet,
1049 1129 1084 1156 et
1105 1123 1240 1166 optima
1257 1123 1348 1154 vitae
1362 1132 1489 1164 regen-

152 1160 223 1196 dae
245 1170 436 1207 praecepta
461 1167 649 1209 impertiat.
675 1167 771 1198 Nihil
795 1168 902 1208 igitur
928 1173 978 1200 est
1004 1168 1069 1199 nisi
1091 1177 1210 1199 amara
1225 1165 1488 1209 derisio‚qu0d

154 1206 192 1239 hi
214 1219 415 1251 sermones,
442 1211 530 1242 alter
556 1211 749 1252 Stertinio,
785 1213 874 1243 alter
899 1212 1064 1255 Crispino
1092 1211 1300 1244 auctoribus
1321 1210 1488 1243 tribuun-

151 1257 223 1285 tur.
248 1272 291 1278 -
316 1253 407 1285 Casu
433 1260 491 1287 aut
516 1255 605 1286 salsa
628 1267 748 1288 versus
778 1267 789 1287 1
816 1256 1114 1299 interpretatione
1135 1256 1360 1298 factumest,
1385 1261 1427 1288 ut
1452 1256 1489 1288 in

150 1298 314 1342 pluribus
338 1300 522 1332 codicibus
560 1300 646 1333 haec
670 1302 776 1332 satira
802 1311 881 1333 cum
905 1301 1139 1333 anteced-ente
1169 1301 1378 1333 continuata
1401 1311 1487 1334 coa-

147 1344 272 1385 ffluerit.
296 1343 366 1376 Sed
393 1356 461 1387 qua
485 1345 629 1377 tandem
651 1346 789 1379 ratione
813 1345 990 1378 adductus
1012 1346 1189 1385 Bentleius
1205 1345 1298 1378 hanc
1313 1346 1486 1378 coniunc-

149 1387 287 1421 tionem
317 1389 472 1433 probare
506 1396 565 1422 aut
586 1396 743 1423 statuere
767 1391 948 1434 potuerit,
975 1390 1065 1423 hanc
1086 1391 1231 1422 satiram
1251 1389 1295 1422 ad
1322 1390 1486 1435 superio·

151 1442 229 1466 rem
253 1434 379 1466 referri
397 1432 562 1478 dehere?
598 1436 741 1467 Initium
774 1435 866 1467 enim
896 1434 998 1467 huius
1024 1436 1198 1468 sermonis
1226 1436 1277 1468 ita
1309 1435 1486 1480 explicat:

151 1478 388 1520 „Iamdudum
412 1481 570 1512 ausculto
586 1504 596 1521 ,
621 1480 668 1511 ait
692 1481 828 1522 Davus3
853 1480 919 1512 tibi
945 1487 1072 1524 nempe
1097 1486 1300 1514 sermonem
1323 1481 1486 1524 superio·

149 1534 227 1556 rem
251 1529 370 1556 tecum
392 1525 580 1557 recitanti:
606 1525 632 1556 si
658 1537 744 1568 pace
764 1531 823 1556 tua
847 1526 954 1557 liceat
979 1536 1091 1569 pauca
1117 1525 1256 1568 habeo,
1283 1535 1373 1568 quae
1397 1535 1485 1557 con-

149 1573 206 1600 tra
227 1578 411 1612 reponam.
445 1570 486 1601 Id
521 1570 629 1602 modo
657 1571 771 1602 dixisti
795 1570 860 1601 tibi
887 1571 921 1601 in
946 1571 1035 1602 votis
1058 1581 1156 1612 esse,
1189 1576 1228 1602 ut
1250 1580 1334 1602 rure
1357 1570 1484 1613 procul

150 1623 172 1645 a
196 1614 345 1656 negotiis
370 1619 404 1646 et
429 1615 541 1646 turbis
564 1615 680 1658 degas.
706 1616 813 1647 Recte
831 1615 997 1658 quidem,
1023 1615 1051 1646 si
1076 1616 1112 1646 in
1132 1615 1262 1647 eodem
1284 1619 1369 1646 voto
1396 1625 1483 1646 con-

149 1663 283 1691 stanter
304 1669 346 1690 ac
365 1665 541 1703 perpetuo
564 1671 708 1692 manere
728 1661 853 1703 possis.
881 1660 950 1692 Sed
976 1658 1123 1691 Laudas
1141 1661 1339 1699 For-umam
1359 1667 1394 1692 et
1406 1670 1483 1690 mo-

152 1714 208 1735 res
235 1704 405 1748 antiquae
426 1704 552 1748 μεως,-
584 1713 617 1736 et
639 1704 727 1737 idem
750 1704 792 1737 Si
811 1706 892 1750 qais
921 1703 971 1739 acl
993 1704 1055 1737 illa
1078 1704 1177 1736 Deus
1202 1703 1318 1737 subito
1339 1711 1372 1736 te
1392 1710 1485 1746 agat

151 1759 194 1780 us
221 1759 265 1780 ue
277 1759 426 1781 recuses.
446 1767 492 1773 —
507 1749 638 1781 Romae
654 1762 717 1782 rus
734 1759 856 1794 0J1tas‚·
877 1749 1051 1781 absentem
1071 1749 1228 1782 rusticus
1242 1747 1359 1782 urbem
1371 1748 1482 1780 Tolli-s

149 1759 218 1824 adq
215 1802 315 1826 astra
333 1793 416 1826 Ievis
437 1796 534 1826 etc.“
558 1796 683 1838 Neque
703 1806 786 1828 vero
810 1806 954 1827 necesse
980 1800 1056 1827 erat
1079 1794 1170 1827 hanc
1197 1793 1371 1840 sermonis
1393 1803 1480 1826 con-

149 1838 316 1880 iungendi
342 1840 566 1872 occasionem
593 1841 827 1881 comminisci;
862 1841 934 1872 imo
957 1850 1074 1872 servus
1098 1839 1291 1883 sapientiae
1305 1848 1445 1881 ,-quam
1461 1848 1481 1869 a

149 1882 304 1927 Crispini
325 1885 475 1916 ianitore
500 1885 537 1915 in
563 1896 638 1917 rem
664 1897 761 1918 suam
783 1890 1027 1925 converterat,
1058 1883 1243 1916 iactandae
1267 1883 1314 1914 im
1343 1882 1478 1923 atiens,

151 1938 273 1960 comm
297 1928 443 1961 domino
469 1929 648 1973 disputare
672 1935 854 1975 properat.
880 1931 971 1963 Tum
995 1929 1158 1972 superior
1181 1928 1287 1960 satira
1328 1925 1405 1971 Vl.)
1430 1926 1478 1958 si-

148 1983 238 2015 quae
263 1974 331 2005 alia
350 1975 385 2005 in
409 1986 445 2006 se
467 1975 542 2017 ipsa
560 1981 637 2008 tota
665 1982 715 2008 est
735 1981 827 2007 teres
854 1972 959 2017 a‘tque
983 1973 1161 2014 rotunda,
1195 1977 1230 2006 et
1246 1977 1369 2016 aperte
1394 1981 1477 2003 nar-

148 2023 223 2049 rata
244 2019 362 2050 sabula
379 2019 566 2051 clauditur.
595 2021 663 2062 Qui
682 2020 823 2052 tandem
845 2019 967 2051 eadem
987 2024 1059 2052 tam
1077 2019 1229 2060 abrupte
1248 2016 1478 2048 dramaticam

147 2061 298 2103 femiam
324 2064 492 2097 inducere
518 2071 551 2097 et
578 2066 796 2109 colloquium
819 2064 902 2095 illud
923 2064 1072 2095 murium
1096 2063 1189 2094 inter
1204 2072 1259 2102 se,
1284 2061 1373 2093 servi
1395 2071 1476 2092 cum

147 2105 295 2140 Horatio
318 2110 535 2151 colloquium
570 2111 741 2143 continuo
768 2109 933 2152 subsequi
957 2100 1096 2152 possit?
1131 2106 1212 2148 Quo
1233 2106 1383 2138 consilio
1407 2104 1477 2138 hoc

144 2144 279 2185 ‘fictum
307 2165 380 2186 esse
407 2151 591 2187 dicamus?
617 2156 759 2188 Seiticset
780 2160 818 2185 ut
839 2152 1018 2186 Sermonis
1042 2151 1099 2184 VI.
1115 2150 1288 2194 elegantia
1307 2154 1343 2183 et.
1360 2149 1475 2182 nativa

146 2197 353 2244 simplicitas
377 2206 675 2245 corrumperetur.
703 2197 889 2243 Heindorf
