1526 2404
184 183 258 211 122
625 180 666 220 Q·
693 178 890 206 uonA'rn*
905 179 1062 207 FLAccx
1076 182 1079 185 '

178 276 246 316 An
271 271 492 315 Lebedum
519 273 684 325 laudas,
721 273 820 313 odio
847 273 972 314 maris
1001 263 1128 328 atque
1156 271 1353 314 viarum?

179 329 292 379 Scis,
321 328 518 368 Lebedus
546 328 649 383 quid
675 328 747 378 sit3
777 326 918 367 Gabiis
946 325 1154 367 desertior
1179 335 1312 382 atque.

177 382 348 422 Fidenis
376 382 512 422 vicus:
540 391 681 421 tamen
708 381 793 420 illic
823 381 967 421 vivere
995 379 1174 430 vellem,

181 436 436 490 oblitusque
464 449 678 485 meorum,
708 433 1015 475 obliviscendus
1045 440 1088 472 et
1112 433 1217 484 illis,
1268 478 1271 480 ,

177 491 419 542 Neptunum
446 489 597 542 procul
627 502 650 528 e
679 496 792 527 terra
820 495 1014 541 spectare
1042 485 1267 527 furentem.
1452 502 1499 529 10

179 543 266 582 Sed
294 555 431 597 neque
461 543 533 597 qui
563 542 704 595 Capua
728 543 905 580 Romam
935 540 1064 594 petit,
1091 539 1226 581 imbre
1251 539 1430 595 lutoque

176 596 440 649 Adspm-sus,
463 592 586 636 'volet
612 596 653 635 in
682 608 869 648 caupona
898 594 1068 644 vivere,
1097 606 1176 633 nec
1203 593 1276 650 qui

178 650 332 703 Frigus
361 649 555 703 collegit,
582 649 731 689 furnos
761 657 803 688 et
830 647 977 687 balnea
1003 646 1167 698 laudat,

178 703 235 742 Ut
260 704 517 742 fortunatam
546 703 671 756 plene
699 701 953 755 praestantia
980 701 1120 756 vitam.
1469 742 1475 747 ,

177 757 286 806 Nec,
319 757 353 796 si
379 765 421 796 te
450 756 611 795 validus
639 755 855 795 iactaverit
881 755 1038 794 Auster
1065 753 1108 793 in
1135 754 1246 806 alto,
1453 754 1501 795 15

177 810 340 849 Idcirco
368 822 517 848 navem
544 817 656 848 trans
685 810 908 863 Aegaeum
929 821 1045 847 mare
1074 807 1242 847 vendas.

176 863 382 902 Incolumi
409 863 582 902 Rhodos
611 871 654 902 et
679 862 879 914 Mitylene
904 861 1082 922 pulchra
1106 859 1235 912 facit,
1256 859 1378 916 ‘quod

175 917 363 956 Paenula
391 916 592 966 solstitio,
621 924 856 970 campestre
883 914 1086 954 mvalibus
1113 914 1248 965 auris,

175 970 263 1009 Per
289 970 480 1009 brumam
509 969 696 1019 Tiberis,
725 968 871 1008 Sextili
895 981 1040 1007 mense
1067 968 1267 1007 caminus·

178 1023 293 1062 Dum
322 1023 444 1073 licet,
475 1036 522 1062 ac
551 1023 713 1063 vultum
740 1030 881 1062 servat
908 1022 1097 1060 Fortuna
1122 1021 1374 1075 benignum,
1449 1030 1501 1058 20

176 1077 339 1116 Romae
364 1076 562 1124 laudetur
591 1077 736 1116 Samos
765 1083 809 1115 et
838 1074 965 1114 Chios
995 1082 1039 1114 et
1065 1074 1238 1114 Rhodos
1267 1072 1429 1113 absens.

177 1131 267 1179 Tu,
296 1143 589 1184 quamcunque
616 1131 734 1169 Deus
760 1128 836 1168 tibi
864 1127 1146 1167 fortunaverit
1170 1128 1342 1177 horam,

179 1183 309 1222 Grata
339 1196 456 1221 sume
484 1196 630 1232 manu⁷
658 1196 742 1221 neu
769 1181 906 1221 dulcia
934 1180 1062 1220 differ
1087 1181 1130 1220 in
1158 1194 1332 1230 anuum,

176 1236 256 1286 Ut,
286 1248 538 1297 quocunque
566 1235 662 1273 loco
690 1234 846 1284 fueris,
876 1233 1027 1277 vixisse
1054 1233 1236 1272 libenter

178 1291 241 1328 Te
271 1289 395 1328 dicas.
449 1290 553 1326 Nam
581 1288 614 1326 si
643 1287 750 1326 ratio
781 1295 823 1326 et
848 1285 1072 1338 prudentia
1099 1299 1242 1335 curas,
1447 1285 1500 1324 25

176 1344 270 1381 Non
299 1343 418 1381 locus
449 1341 574 1380 effusi
602 1342 684 1380 late
713 1339 837 1378 maris
864 1337 1043 1388 arbiter,
1064 1339 1237 1378 aufert:

178 1396 378 1446 Coelum⁷
406 1408 488 1433 non
518 1394 697 1432 animum
725 1400 907 1442 mutant,
934 1391 1007 1446 qui
1033 1399 1147 1431 trans
1174 1403 1290 1430 mare
1312 1399 1497 1431 currunt.

177 1448 358 1488 Sternua
384 1461 460 1487 nos
491 1455 661 1486 exercet
688 1446 862 1495 inertia3
891 1444 1064 1485 navibus
1093 1453 1218 1500 atque

177 1502 403 1559 Quadrigis
430 1500 610 1553 petimus
641 1500 750 1539 hene
776 1500 934 1539 vivere.
990 1498 1119 1556 Quod
1147 1497 1280 1551 petiS‚
1315 1495 1384 1537 hic
1413 1505 1498 1546 est,

134 1575 136 1578 ’
176 1557 254 1596 Est
282 1555 473 1605 Uluhfis,
503 1553 660 1592 animus
689 1554 724 1593 si
751 1561 794 1593 te
821 1566 905 1592 non
933 1551 1076 1593 deficit
1103 1564 1273 1607 aequus.
1445 1551 1498 1593 30

675 1761 885 1790 EPISTOLA
912 1749 1000 1788 XII.

618 1841 657 1881 A
676 1842 716 1880 D
763 1842 781 1880 I
801 1841 834 1880 C
858 1840 890 1879 C
910 1840 929 1877 I
946 1839 983 1878 U
999 1839 1054 1877 M.

240 1928 390 1970 Iccium,
417 1926 596 1960 hominem
617 1939 757 1960 avarum
777 1932 811 1959 et
831 1926 875 1958 de
900 1928 995 1957 sorte
1018 1933 1080 1955 sua
1095 1920 1304 1966 querulum,
1329 1917 1392 1950 etsi
1414 1913 1493 1960 phi-

175 1974 357 2017 losophiae
382 1973 534 2005 studium
561 1974 758 2013 affectaret,
792 1972 872 2003 satis
897 1971 1007 2002 libere
1030 1974 1067 1999 ut
1093 1969 1161 1999 iam
1190 1966 1230 1997 iis
1254 1973 1343 2007 quae
1368 1961 1494 1992 habeat

177 2024 362 2053 contentus
376 2019 463 2050 vivat
475 2016 654 2060 hortatui-3
677 2017 806 2050 deinde
823 2014 1025 2059 Grosphum
1041 2013 1072 2045 ei
1087 2007 1329 2049 commendat3
1352 2011 1493 2050 postre-

141 2073 144 2077 ·
174 2076 271 2097 mum
283 2064 326 2096 de
338 2063 444 2096 rebus
461 2064 497 2094 in
511 2064 598 2096 urbe
617 2065 701 2097 actis
718 2063 906 2096 certiorem
919 2059 1015 2092 facit.
1030 2058 1092 2090 -De
1115 2056 1210 2089 Iccio
1229 2053 1283 2085 Cf.
1301 2051 1371 2103 Od.
1389 2051 1418 2093 Ι,
1437 2060 1492 2093 29.

174 2219 220 2228 --
243 2213 279 2233 ν.
309 2201 360 2234 18.
386 2199 565 2232 nivalibus
588 2202 730 2234 austris
753 2198 880 2231 collat.
907 2196 984 2228 Sax.
1010 2199 1044 2227 et
1061 2193 1152 2225 Fcae
1172 2190 1306 2234 aliquot
1326 2186 1493 2222 codd.—

174 2259 212 2280 υ.
237 2249 291 2282 23.
318 2259 386 2279 mm
411 2244 506 2278 dulc.
532 2247 643 2279 Bentl.
669 2257 688 2280 e
714 2240 830 2280 Codd.
854 2241 1005 2276 restituit
1026 2239 1130 2281 Vulg.
1155 2246 1228 2268 nec.
