<?xml version="1.0" encoding="UTF-8"?>
<!DOCTYPE html PUBLIC "-//W3C//DTD XHTML 1.0 Transitional//EN"
    "http://www.w3.org/TR/xhtml1/DTD/xhtml1-transitional.dtd">
<html xmlns="http://www.w3.org/1999/xhtml" xml:lang="en" lang="en">
 <head>
  <title>
</title>
<meta http-equiv="Content-Type" content="text/html;charset=utf-8" />
  <meta name='ocr-system' content='tesseract 3.04.00' />
  <meta name='ocr-capabilities' content='ocr_page ocr_carea ocr_par ocr_line ocrx_word'/>
</head>
<body>
  <div class='ocr_page' id='page_1' title='image "./operaomnia01horauoft_0173.png"; bbox 0 0 1526 2404; ppageno 0'>
   <div class='ocr_carea' id='block_1_1' title="bbox 534 162 1402 213">
    <p class='ocr_par' dir='ltr' id='par_1_1' title="bbox 534 162 1402 213">
     <span class='ocr_line' id='line_1_1' title="bbox 534 162 1402 213; baseline 0.002 -15"><span class='ocrx_word' id='word_1_1' title='bbox 534 167 711 207; x_wconf 63' lang='lat' dir='ltr'><strong>nomm</strong></span> <span class='ocrx_word' id='word_1_2' title='bbox 739 170 870 199; x_wconf 68' lang='lat' dir='ltr'><strong>mutu</strong></span> <span class='ocrx_word' id='word_1_3' title='bbox 903 173 961 211; x_wconf 87' lang='lat'><strong>¹7·</strong></span> <span class='ocrx_word' id='word_1_4' title='bbox 1331 162 1402 213; x_wconf 66' lang='lat'><strong>¹⁰7</strong></span> 
     </span>
    </p>
   </div>
   <div class='ocr_carea' id='block_1_2' title="bbox 86 262 1403 1061">
    <p class='ocr_par' dir='ltr' id='par_1_2' title="bbox 88 262 892 320">
     <span class='ocr_line' id='line_1_2' title="bbox 88 262 892 320; baseline -0.001 -14"><span class='ocrx_word' id='word_1_5' title='bbox 88 263 221 319; x_wconf 79' lang='lat' dir='ltr'><strong>optat</strong></span> <span class='ocrx_word' id='word_1_6' title='bbox 244 262 525 306; x_wconf 80' lang='lat' dir='ltr'><strong>Prometheus</strong></span> <span class='ocrx_word' id='word_1_7' title='bbox 552 264 759 320; x_wconf 79' lang='lat' dir='ltr'><strong>obligatus</strong></span> <span class='ocrx_word' id='word_1_8' title='bbox 784 264 892 316; x_wconf 77' lang='lat' dir='ltr'>aliti3</span> 
     </span>
    </p>

    <p class='ocr_par' dir='ltr' id='par_1_3' title="bbox 89 317 908 372">
     <span class='ocr_line' id='line_1_3' title="bbox 89 317 908 372; baseline 0 -14"><span class='ocrx_word' id='word_1_9' title='bbox 89 317 221 372; x_wconf 80' lang='lat' dir='ltr'><strong>Optat</strong></span> <span class='ocrx_word' id='word_1_10' title='bbox 245 331 442 372; x_wconf 80' lang='lat' dir='ltr'><strong>supremo</strong></span> <span class='ocrx_word' id='word_1_11' title='bbox 472 318 683 358; x_wconf 81' lang='lat' dir='ltr'><strong>collocare</strong></span> <span class='ocrx_word' id='word_1_12' title='bbox 710 317 908 372; x_wconf 75' lang='lat' dir='ltr'><strong>Sisyphus</strong></span> 
     </span>
    </p>

    <p class='ocr_par' dir='ltr' id='par_1_4' title="bbox 88 371 1054 425">
     <span class='ocr_line' id='line_1_4' title="bbox 88 371 1054 425; baseline 0.001 -15"><span class='ocrx_word' id='word_1_13' title='bbox 88 372 133 410; x_wconf 92' lang='lat' dir='ltr'><strong>ln</strong></span> <span class='ocrx_word' id='word_1_14' title='bbox 159 378 302 410; x_wconf 86' lang='lat' dir='ltr'><strong>monte</strong></span> <span class='ocrx_word' id='word_1_15' title='bbox 328 385 490 411; x_wconf 83' lang='lat' dir='ltr'><strong>saxum:</strong></span> <span class='ocrx_word' id='word_1_16' title='bbox 519 371 594 410; x_wconf 82' lang='lat' dir='ltr'><strong>sed</strong></span> <span class='ocrx_word' id='word_1_17' title='bbox 621 379 763 411; x_wconf 81' lang='lat' dir='ltr'>vetant</span> <span class='ocrx_word' id='word_1_18' title='bbox 788 372 905 425; x_wconf 82' lang='lat' dir='ltr'><strong>leges</strong></span> <span class='ocrx_word' id='word_1_19' title='bbox 933 372 1054 411; x_wconf 84' lang='lat' dir='ltr'><strong>lovis.</strong></span> 
     </span>
    </p>

    <p class='ocr_par' dir='ltr' id='par_1_5' title="bbox 87 423 1400 531">
     <span class='ocr_line' id='line_1_5' title="bbox 87 423 1400 479; baseline 0.001 -14"><span class='ocrx_word' id='word_1_20' title='bbox 87 423 216 465; x_wconf 81' lang='lat' dir='ltr'><strong>Voles</strong></span> <span class='ocrx_word' id='word_1_21' title='bbox 241 423 370 464; x_wconf 84' lang='lat' dir='ltr'><strong>modo</strong></span> <span class='ocrx_word' id='word_1_22' title='bbox 397 424 490 464; x_wconf 81' lang='lat' dir='ltr'><strong>altis</strong></span> <span class='ocrx_word' id='word_1_23' title='bbox 516 423 685 464; x_wconf 83' lang='lat' dir='ltr'><strong>desilire</strong></span> <span class='ocrx_word' id='word_1_24' title='bbox 710 424 917 473; x_wconf 71' lang='lat' dir='ltr'><strong>turribus,</strong></span> <span class='ocrx_word' id='word_1_25' title='bbox 1348 441 1400 479; x_wconf 82' lang='lat'><strong>7⁰</strong></span> 
     </span>
     <span class='ocr_line' id='line_1_6' title="bbox 87 476 968 531; baseline 0.002 -15"><span class='ocrx_word' id='word_1_26' title='bbox 87 476 215 516; x_wconf 83' lang='lat' dir='ltr'><strong>Modo</strong></span> <span class='ocrx_word' id='word_1_27' title='bbox 244 490 345 517; x_wconf 82' lang='lat' dir='ltr'><strong>ense</strong></span> <span class='ocrx_word' id='word_1_28' title='bbox 368 485 516 531; x_wconf 84' lang='lat' dir='ltr'><strong>pectus</strong></span> <span class='ocrx_word' id='word_1_29' title='bbox 543 477 698 517; x_wconf 81' lang='lat' dir='ltr'>Norico</span> <span class='ocrx_word' id='word_1_30' title='bbox 724 477 968 529; x_wconf 81' lang='lat' dir='ltr'><strong>recludere3</strong></span> 
     </span>
    </p>

    <p class='ocr_par' dir='ltr' id='par_1_6' title="bbox 87 530 985 586">
     <span class='ocr_line' id='line_1_7' title="bbox 87 530 985 586; baseline 0.002 -17"><span class='ocrx_word' id='word_1_31' title='bbox 87 531 345 586; x_wconf 79' lang='lat' dir='ltr'><strong>Frustraque</strong></span> <span class='ocrx_word' id='word_1_32' title='bbox 371 531 506 569; x_wconf 80' lang='lat' dir='ltr'><strong>vincla</strong></span> <span class='ocrx_word' id='word_1_33' title='bbox 533 530 692 583; x_wconf 76' lang='lat' dir='ltr'><strong>gutturi</strong></span> <span class='ocrx_word' id='word_1_34' title='bbox 716 539 861 571; x_wconf 79' lang='lat' dir='ltr'><strong>nectes</strong></span> <span class='ocrx_word' id='word_1_35' title='bbox 886 540 985 583; x_wconf 78' lang='lat' dir='ltr'><strong>tuo,</strong></span> 
     </span>
    </p>

    <p class='ocr_par' dir='ltr' id='par_1_7' title="bbox 86 581 763 636">
     <span class='ocr_line' id='line_1_8' title="bbox 86 581 763 636; baseline 0.001 -14"><span class='ocrx_word' id='word_1_36' title='bbox 86 582 319 623; x_wconf 78' lang='lat' dir='ltr'><strong>Fastidiosa</strong></span> <span class='ocrx_word' id='word_1_37' title='bbox 343 583 471 622; x_wconf 78' lang='lat' dir='ltr'><strong>tristis</strong></span> <span class='ocrx_word' id='word_1_38' title='bbox 498 581 763 636; x_wconf 67' lang='lat' dir='ltr'>aegrimonia.</span> 
     </span>
    </p>

    <p class='ocr_par' dir='ltr' id='par_1_8' title="bbox 87 634 1126 693">
     <span class='ocr_line' id='line_1_9' title="bbox 87 634 1126 693; baseline 0.002 -17"><span class='ocrx_word' id='word_1_39' title='bbox 87 634 302 678; x_wconf 79' lang='lat' dir='ltr'><strong>vectabor</strong></span> <span class='ocrx_word' id='word_1_40' title='bbox 324 635 510 675; x_wconf 86' lang='lat' dir='ltr'><strong>humeris</strong></span> <span class='ocrx_word' id='word_1_41' title='bbox 536 643 634 675; x_wconf 79' lang='lat' dir='ltr'><strong>tunc</strong></span> <span class='ocrx_word' id='word_1_42' title='bbox 661 649 685 676; x_wconf 83' lang='lat' dir='ltr'>e</span> <span class='ocrx_word' id='word_1_43' title='bbox 716 649 742 676; x_wconf 89' lang='grc' dir='ltr'>ο</span> <span class='ocrx_word' id='word_1_44' title='bbox 768 636 940 676; x_wconf 85' lang='lat' dir='ltr'><strong>inimicis</strong></span> <span class='ocrx_word' id='word_1_45' title='bbox 969 651 1099 693; x_wconf 77' lang='lat' dir='ltr'><strong>eques</strong></span> <span class='ocrx_word' id='word_1_46' title='bbox 1114 669 1126 691; x_wconf 86' lang='lat'><strong>‚</strong></span> 
     </span>
    </p>

    <p class='ocr_par' dir='ltr' id='par_1_9' title="bbox 86 688 1400 797">
     <span class='ocr_line' id='line_1_10' title="bbox 86 688 1400 748; baseline 0.001 -19"><span class='ocrx_word' id='word_1_47' title='bbox 86 691 292 744; x_wconf 78' lang='lat' dir='ltr'><strong>Meaeque</strong></span> <span class='ocrx_word' id='word_1_48' title='bbox 316 697 431 728; x_wconf 81' lang='lat' dir='ltr'>terra</span> <span class='ocrx_word' id='word_1_49' title='bbox 458 688 583 728; x_wconf 88' lang='lat' dir='ltr'><strong>cedet</strong></span> <span class='ocrx_word' id='word_1_50' title='bbox 606 689 696 729; x_wconf 87' lang='lat' dir='ltr'><strong>inso</strong></span> <span class='ocrx_word' id='word_1_51' title='bbox 714 690 862 730; x_wconf 80' lang='lat' dir='ltr'><strong>entiae.</strong></span> <span class='ocrx_word' id='word_1_52' title='bbox 1347 697 1400 748; x_wconf 84' lang='lat'><strong>75</strong></span> 
     </span>
     <span class='ocr_line' id='line_1_11' title="bbox 87 742 930 797; baseline 0.001 -15"><span class='ocrx_word' id='word_1_53' title='bbox 87 742 176 792; x_wconf 69' lang='grc' dir='ltr'><strong>ΑΠ’,</strong></span> <span class='ocrx_word' id='word_1_54' title='bbox 203 755 312 797; x_wconf 83' lang='lat' dir='ltr'><strong>quae</strong></span> <span class='ocrx_word' id='word_1_55' title='bbox 336 754 511 781; x_wconf 83' lang='lat' dir='ltr'><strong>movere</strong></span> <span class='ocrx_word' id='word_1_56' title='bbox 538 754 681 781; x_wconf 84' lang='lat' dir='ltr'><strong>cereas</strong></span> <span class='ocrx_word' id='word_1_57' title='bbox 706 742 787 782; x_wconf 82' lang='lat' dir='ltr'><strong>ima</strong></span> <span class='ocrx_word' id='word_1_58' title='bbox 821 744 930 795; x_wconf 67' lang='lat' dir='ltr'><strong>hes,</strong></span> 
     </span>
    </p>

    <p class='ocr_par' dir='ltr' id='par_1_10' title="bbox 87 794 840 849">
     <span class='ocr_line' id='line_1_12' title="bbox 87 794 840 849; baseline 0.001 -15"><span class='ocrx_word' id='word_1_59' title='bbox 87 796 144 835; x_wconf 86' lang='lat' dir='ltr'><strong>Ut</strong></span> <span class='ocrx_word' id='word_1_60' title='bbox 168 795 259 848; x_wconf 86' lang='lat' dir='ltr'><strong>ipse</strong></span> <span class='ocrx_word' id='word_1_61' title='bbox 288 795 399 834; x_wconf 82' lang='lat' dir='ltr'><strong>nosti</strong></span> <span class='ocrx_word' id='word_1_62' title='bbox 425 794 638 845; x_wconf 81' lang='lat' dir='ltr'><strong>curiosus,</strong></span> <span class='ocrx_word' id='word_1_63' title='bbox 665 803 709 835; x_wconf 85' lang='lat' dir='ltr'><strong>et</strong></span> <span class='ocrx_word' id='word_1_64' title='bbox 739 810 795 849; x_wconf 92' lang='lat' dir='ltr'><strong>po</strong></span> <span class='ocrx_word' id='word_1_65' title='bbox 814 810 840 835; x_wconf 88' lang='lat' dir='ltr'>o</span> 
     </span>
    </p>

    <p class='ocr_par' dir='ltr' id='par_1_11' title="bbox 87 847 1017 902">
     <span class='ocr_line' id='line_1_13' title="bbox 87 847 1017 902; baseline 0.002 -16"><span class='ocrx_word' id='word_1_66' title='bbox 87 849 298 901; x_wconf 84' lang='lat' dir='ltr'><strong>Deripere</strong></span> <span class='ocrx_word' id='word_1_67' title='bbox 325 848 483 886; x_wconf 86' lang='lat' dir='ltr'><strong>Lunam</strong></span> <span class='ocrx_word' id='word_1_68' title='bbox 509 847 683 887; x_wconf 83' lang='lat' dir='ltr'><strong>vocibus</strong></span> <span class='ocrx_word' id='word_1_69' title='bbox 708 849 865 902; x_wconf 84' lang='lat' dir='ltr'><strong>possim</strong></span> <span class='ocrx_word' id='word_1_70' title='bbox 890 849 1017 901; x_wconf 85' lang='lat' dir='ltr'><strong>meis3</strong></span> 
     </span>
    </p>

    <p class='ocr_par' dir='ltr' id='par_1_12' title="bbox 88 900 931 952">
     <span class='ocr_line' id='line_1_14' title="bbox 88 900 931 952; baseline -0.001 -12"><span class='ocrx_word' id='word_1_71' title='bbox 88 902 251 940; x_wconf 88' lang='lat' dir='ltr'><strong>Possim</strong></span> <span class='ocrx_word' id='word_1_72' title='bbox 278 908 484 940; x_wconf 83' lang='lat' dir='ltr'><strong>crematos</strong></span> <span class='ocrx_word' id='word_1_73' title='bbox 512 900 693 951; x_wconf 61' lang='lat' dir='ltr'>excitare</span> <span class='ocrx_word' id='word_1_74' title='bbox 720 910 931 952; x_wconf 77' lang='lat' dir='ltr'><strong>mortuos,</strong></span> 
     </span>
    </p>

    <p class='ocr_par' dir='ltr' id='par_1_13' title="bbox 88 953 1403 1061">
     <span class='ocr_line' id='line_1_15' title="bbox 89 953 1403 1008; baseline 0.002 -16"><span class='ocrx_word' id='word_1_75' title='bbox 89 953 371 1008; x_wconf 72' lang='lat' dir='ltr'><strong>Desidet-ique</strong></span> <span class='ocrx_word' id='word_1_76' title='bbox 397 961 636 1006; x_wconf 81' lang='lat' dir='ltr'><strong>temperare</strong></span> <span class='ocrx_word' id='word_1_77' title='bbox 663 956 838 1006; x_wconf 82' lang='lat' dir='ltr'><strong>pocula,</strong></span> <span class='ocrx_word' id='word_1_78' title='bbox 1348 962 1403 1001; x_wconf 84' lang='lat'><strong>80</strong></span> 
     </span>
     <span class='ocr_line' id='line_1_16' title="bbox 88 1006 1009 1061; baseline 0.002 -15"><span class='ocrx_word' id='word_1_79' title='bbox 88 1006 261 1046; x_wconf 84' lang='lat' dir='ltr'><strong>Plorem</strong></span> <span class='ocrx_word' id='word_1_80' title='bbox 288 1006 386 1046; x_wconf 85' lang='lat' dir='ltr'><strong>artis</strong></span> <span class='ocrx_word' id='word_1_81' title='bbox 412 1007 454 1045; x_wconf 89' lang='lat' dir='ltr'><strong>in</strong></span> <span class='ocrx_word' id='word_1_82' title='bbox 481 1013 526 1045; x_wconf 88' lang='lat' dir='ltr'><strong>te</strong></span> <span class='ocrx_word' id='word_1_83' title='bbox 552 1006 611 1045; x_wconf 89' lang='lat' dir='ltr'><strong>nil</strong></span> <span class='ocrx_word' id='word_1_84' title='bbox 635 1007 795 1061; x_wconf 81' lang='lat' dir='ltr'><strong>agentis</strong></span> <span class='ocrx_word' id='word_1_85' title='bbox 824 1006 1009 1048; x_wconf 78' lang='lat' dir='ltr'><strong>exitum?</strong></span> 
     </span>
    </p>
   </div>
   <div class='ocr_carea' id='block_1_3' title="bbox 93 1097 344 1107">
    <p class='ocr_par' dir='ltr' id='par_1_14' title="bbox 93 1097 344 1107">
     <span class='ocr_line' id='line_1_17' title="bbox 93 1097 344 1107; baseline 0 1297"><span class='ocrx_word' id='word_1_86' title='bbox 93 1097 344 1107; x_wconf 95' lang='lat' dir='ltr'><strong> </strong></span> 
     </span>
    </p>
   </div>
   <div class='ocr_carea' id='block_1_4' title="bbox 85 1139 1404 1411">
    <p class='ocr_par' dir='ltr' id='par_1_15' title="bbox 85 1139 1404 1411">
     <span class='ocr_line' id='line_1_18' title="bbox 87 1139 1402 1190; baseline 0.008 -18"><span class='ocrx_word' id='word_1_87' title='bbox 87 1157 134 1164; x_wconf 98' lang='lat'><strong>—</strong></span> <span class='ocrx_word' id='word_1_88' title='bbox 157 1151 188 1173; x_wconf 85' lang='grc' dir='ltr'><strong>ν.</strong></span> <span class='ocrx_word' id='word_1_89' title='bbox 213 1149 268 1183; x_wconf 77' lang='lat'><strong>7²-</strong></span> <span class='ocrx_word' id='word_1_90' title='bbox 292 1142 443 1174; x_wconf 80' lang='lat' dir='ltr'><strong>innectes</strong></span> <span class='ocrx_word' id='word_1_91' title='bbox 463 1142 614 1174; x_wconf 74' lang='lat' dir='ltr'>maxima</span> <span class='ocrx_word' id='word_1_92' title='bbox 630 1150 713 1184; x_wconf 82' lang='lat' dir='ltr'><strong>pars</strong></span> <span class='ocrx_word' id='word_1_93' title='bbox 736 1139 828 1173; x_wconf 87' lang='lat' dir='ltr'><strong>Edd.</strong></span> <span class='ocrx_word' id='word_1_94' title='bbox 852 1140 926 1176; x_wconf 81' lang='lat' dir='ltr'><strong>Sed</strong></span> <span class='ocrx_word' id='word_1_95' title='bbox 950 1145 1067 1182; x_wconf 79' lang='lat' dir='ltr'><strong>Bentl.</strong></span> <span class='ocrx_word' id='word_1_96' title='bbox 1089 1159 1109 1181; x_wconf 83' lang='lat' dir='ltr'><strong>e</strong></span> <span class='ocrx_word' id='word_1_97' title='bbox 1134 1145 1253 1182; x_wconf 88' lang='lat' dir='ltr'><strong>Codd.</strong></span> <span class='ocrx_word' id='word_1_98' title='bbox 1277 1157 1402 1190; x_wconf 81' lang='lat' dir='ltr'><strong>nectes,</strong></span> 
     </span>
     <span class='ocr_line' id='line_1_19' title="bbox 89 1184 1402 1230; baseline 0.009 -15"><span class='ocrx_word' id='word_1_99' title='bbox 89 1195 196 1228; x_wconf 83' lang='lat' dir='ltr'><strong>quem</strong></span> <span class='ocrx_word' id='word_1_100' title='bbox 217 1184 302 1220; x_wconf 83' lang='lat' dir='ltr'><strong>Vid.</strong></span> <span class='ocrx_word' id='word_1_101' title='bbox 322 1206 370 1212; x_wconf 95' lang='lat'><strong>—</strong></span> <span class='ocrx_word' id='word_1_102' title='bbox 389 1199 427 1219; x_wconf 85' lang='lat' dir='ltr'><strong>v.</strong></span> <span class='ocrx_word' id='word_1_103' title='bbox 453 1187 495 1229; x_wconf 80' lang='lat'><strong>78</strong></span> <span class='ocrx_word' id='word_1_104' title='bbox 519 1195 552 1219; x_wconf 76' lang='lat' dir='ltr'><strong>et</strong></span> <span class='ocrx_word' id='word_1_105' title='bbox 577 1196 632 1229; x_wconf 79' lang='lat'><strong>79.</strong></span> <span class='ocrx_word' id='word_1_106' title='bbox 653 1187 783 1230; x_wconf 75' lang='lat' dir='ltr'><strong>possim</strong></span> <span class='ocrx_word' id='word_1_107' title='bbox 808 1197 930 1222; x_wconf 87' lang='lat' dir='ltr'><strong>omnes</strong></span> <span class='ocrx_word' id='word_1_108' title='bbox 945 1189 1064 1225; x_wconf 86' lang='lat' dir='ltr'><strong>Codd.</strong></span> <span class='ocrx_word' id='word_1_109' title='bbox 1089 1199 1125 1226; x_wconf 81' lang='lat' dir='ltr'><strong>et</strong></span> <span class='ocrx_word' id='word_1_110' title='bbox 1149 1195 1402 1228; x_wconf 80' lang='lat' dir='ltr'><strong>vetustissimae</strong></span> 
     </span>
     <span class='ocr_line' id='line_1_20' title="bbox 89 1227 1404 1277; baseline 0.008 -15"><span class='ocrx_word' id='word_1_111' title='bbox 89 1227 182 1263; x_wconf 79' lang='lat' dir='ltr'>Edd-</span> <span class='ocrx_word' id='word_1_112' title='bbox 204 1243 347 1275; x_wconf 75' lang='lat' dir='ltr'><strong>possum</strong></span> <span class='ocrx_word' id='word_1_113' title='bbox 370 1231 436 1266; x_wconf 85' lang='lat' dir='ltr'><strong>Ed.</strong></span> <span class='ocrx_word' id='word_1_114' title='bbox 460 1230 544 1266; x_wconf 85' lang='lat' dir='ltr'><strong>Ald.</strong></span> <span class='ocrx_word' id='word_1_115' title='bbox 572 1233 669 1265; x_wconf 84' lang='lat'>150¹-</span> <span class='ocrx_word' id='word_1_116' title='bbox 694 1229 848 1275; x_wconf 84' lang='lat' dir='ltr'>indeque</span> <span class='ocrx_word' id='word_1_117' title='bbox 871 1235 1047 1277; x_wconf 78' lang='lat' dir='ltr'>plurimae</span> <span class='ocrx_word' id='word_1_118' title='bbox 1071 1239 1176 1271; x_wconf 78' lang='lat' dir='ltr'>aliae.</span> <span class='ocrx_word' id='word_1_119' title='bbox 1204 1239 1259 1271; x_wconf 84' lang='lat' dir='ltr'><strong>Cf.</strong></span> <span class='ocrx_word' id='word_1_120' title='bbox 1276 1239 1350 1272; x_wconf 64' lang='lat' dir='ltr'><strong>Fen</strong></span> <span class='ocrx_word' id='word_1_121' title='bbox 1365 1246 1404 1274; x_wconf 85' lang='lat' dir='ltr'><strong>et</strong></span> 
     </span>
     <span class='ocr_line' id='line_1_21' title="bbox 85 1273 1399 1329; baseline 0.008 -22"><span class='ocrx_word' id='word_1_122' title='bbox 85 1273 200 1311; x_wconf 73' lang='lat' dir='ltr'><strong>Both.</strong></span> <span class='ocrx_word' id='word_1_123' title='bbox 224 1278 410 1312; x_wconf 78' lang='lat' dir='ltr'><strong>Annotatt.</strong></span> <span class='ocrx_word' id='word_1_124' title='bbox 434 1295 477 1301; x_wconf 88' lang='lat'>—</span> <span class='ocrx_word' id='word_1_125' title='bbox 497 1289 534 1309; x_wconf 83' lang='lat' dir='ltr'><strong>v.</strong></span> <span class='ocrx_word' id='word_1_126' title='bbox 557 1277 613 1310; x_wconf 85' lang='lat'><strong>80.</strong></span> <span class='ocrx_word' id='word_1_127' title='bbox 639 1275 694 1307; x_wconf 75' lang='lat' dir='ltr'><strong>Ita</strong></span> <span class='ocrx_word' id='word_1_128' title='bbox 716 1276 830 1309; x_wconf 81' lang='lat' dir='ltr'>Bentl.</span> <span class='ocrx_word' id='word_1_129' title='bbox 857 1289 876 1310; x_wconf 83' lang='lat' dir='ltr'>e</span> <span class='ocrx_word' id='word_1_130' title='bbox 902 1279 1023 1315; x_wconf 79' lang='lat' dir='ltr'><strong>codd.</strong></span> <span class='ocrx_word' id='word_1_131' title='bbox 1057 1283 1194 1327; x_wconf 81' lang='lat' dir='ltr'>Vulgo:</span> <span class='ocrx_word' id='word_1_132' title='bbox 1219 1285 1399 1329; x_wconf 80' lang='lat' dir='ltr'><strong>poculum.</strong></span> 
     </span>
     <span class='ocr_line' id='line_1_22' title="bbox 88 1321 1402 1371; baseline 0.012 -26"><span class='ocrx_word' id='word_1_133' title='bbox 88 1337 134 1345; x_wconf 83' lang='lat'><strong>...</strong></span> <span class='ocrx_word' id='word_1_134' title='bbox 154 1333 191 1354; x_wconf 73' lang='lat' dir='ltr'><strong>v,</strong></span> <span class='ocrx_word' id='word_1_135' title='bbox 215 1322 272 1355; x_wconf 83' lang='lat'><strong>81-</strong></span> <span class='ocrx_word' id='word_1_136' title='bbox 293 1321 413 1356; x_wconf 77' lang='lat' dir='ltr'><strong>Codd.</strong></span> <span class='ocrx_word' id='word_1_137' title='bbox 436 1323 578 1365; x_wconf 77' lang='lat' dir='ltr'><strong>plurimi</strong></span> <span class='ocrx_word' id='word_1_138' title='bbox 604 1325 668 1354; x_wconf 86' lang='lat' dir='ltr'><strong>aut</strong></span> <span class='ocrx_word' id='word_1_139' title='bbox 691 1323 827 1364; x_wconf 79' lang='lat' dir='ltr'><strong>agentis</strong></span> <span class='ocrx_word' id='word_1_140' title='bbox 849 1322 1005 1368; x_wconf 72' lang='lat' dir='ltr'>habent,</span> <span class='ocrx_word' id='word_1_141' title='bbox 1032 1334 1093 1363; x_wconf 80' lang='lat' dir='ltr'><strong>aut</strong></span> <span class='ocrx_word' id='word_1_142' title='bbox 1109 1328 1287 1371; x_wconf 77' lang='lat' dir='ltr'><strong>habentis,</strong></span> <span class='ocrx_word' id='word_1_143' title='bbox 1313 1341 1402 1361; x_wconf 83' lang='lat' dir='ltr'>non-</span> 
     </span>
     <span class='ocr_line' id='line_1_23' title="bbox 90 1365 1402 1411; baseline 0.01 -18"><span class='ocrx_word' id='word_1_144' title='bbox 90 1367 178 1399; x_wconf 76' lang='lat' dir='ltr'><strong>nulli</strong></span> <span class='ocrx_word' id='word_1_145' title='bbox 199 1367 362 1403; x_wconf 62' lang='lat' dir='ltr'><strong>valentis,</strong></span> <span class='ocrx_word' id='word_1_146' title='bbox 387 1365 480 1402; x_wconf 76' lang='lat' dir='ltr'>Edd.</span> <span class='ocrx_word' id='word_1_147' title='bbox 504 1373 593 1403; x_wconf 70' lang='lat' dir='ltr'>vett.</span> <span class='ocrx_word' id='word_1_148' title='bbox 617 1366 813 1410; x_wconf 82' lang='lat' dir='ltr'><strong>pleraeque</strong></span> <span class='ocrx_word' id='word_1_149' title='bbox 835 1366 1005 1406; x_wconf 78' lang='lat' dir='ltr'><strong><em>habentis.</em></strong></span> <span class='ocrx_word' id='word_1_150' title='bbox 1029 1371 1112 1407; x_wconf 64' lang='lat' dir='ltr'><strong>vid.</strong></span> <span class='ocrx_word' id='word_1_151' title='bbox 1132 1373 1210 1408; x_wconf 72' lang='lat' dir='ltr'><strong>Fen</strong></span> <span class='ocrx_word' id='word_1_152' title='bbox 1233 1381 1272 1411; x_wconf 83' lang='lat' dir='ltr'><strong>et</strong></span> <span class='ocrx_word' id='word_1_153' title='bbox 1296 1374 1402 1411; x_wconf 69' lang='lat' dir='ltr'>Both,</span> 
     </span>
    </p>
   </div>
  </div>
 </body>
</html>
