1526 2404
510 211 514 225 ¹
534 142 779 218 *senonum
802 185 889 213 un.
910 173 958 214 IL
984 190 1017 215 ι.
1388 174 1442 216 55

642 279 917 322 Horatius.

569 343 714 404 Quid?
740 359 871 400 quum
900 352 965 386 est
990 343 1176 390 Lucilius
1201 357 1325 386 ausus

122 397 288 438 Primus
311 398 354 438 in
371 397 484 439 hunc
504 409 528 436 o
564 397 646 437 eris
665 411 924 454 componere
952 398 1132 439 carmina
1150 411 1336 449 morem,

121 451 360 492 Detrahere
388 459 431 491 et
459 450 530 504 pel
550 464 639 501 em,
665 451 818 491 nitidus
847 466 929 507 qua
951 451 1128 507 quisque
1154 465 1235 505 per
1261 465 1336 491 ora

124 505 332 554 Cedet-et,
358 505 589 544 introrsum
615 504 773 566 turpi&
799 519 899 545 num
926 505 1116 556 Laelius,
1146 512 1189 545 et
1216 505 1290 561 qui
1387 505 1440 547 65

121 557 253 597 Duxit
280 557 331 597 ab
359 570 563 610 oppressa
589 566 785 597 meritum
814 558 1065 599 Carthaoine
1091 571 1269 610 nomen,

118 610 293 665 Ingenio
321 609 503 651 offensi?
533 618 605 650 aut
629 610 745 651 laeso
774 611 952 652 doluere
969 590 1175 663 Metello,

118 664 395 722 Famosisque
422 665 546 724 Lupo
576 672 783 717 cooperto
812 664 1034 705 versibus?
1062 665 1194 719 Atqui

118 717 334 762 Primores
361 717 510 772 populi
536 717 735 770 arripuit,
762 719 1052 774 populumque
1079 719 1289 771 tributimJ

120 770 291 810 Scilicet
319 771 392 810 un'i
417 783 576 824 aequus
604 771 749 810 virtuti
776 779 903 826 atque
932 772 1029 811 eius·
1049 772 1202 812 amicis.
1385 786 1440 826 7⁰

118 823 235 920 guin
260 823 335 863 ubi
361 836 408 862 se
435 837 459 861 a
486 824 616 877 vulgo
646 832 690 863 et
715 837 838 863 scena
863 825 904 864 in
929 834 1094 865 secreta
1118 834 1335 867 remorant

161 879 265 916 irtus
294 875 512 930 Scipiadae
543 886 587 916 et
617 877 727 915 mitis
756 878 955 931 sapientia
982 879 1123 931 Laeli,

118 930 279 983 Nugari
305 943 400 968 cum
427 929 499 968 illo
528 938 572 969 et
599 930 789 969 discincti
816 931 988 979 ludere,
1015 931 1151 972 donec

119 985 239 1024 Deco
301 990 445 1022 eretur
472 982 586 1033 olus,
610 983 735 1022 soliti.
772 984 989 1045 Quidquid
1007 999 1102 1025 sum
1119 999 1226 1040 ege,
1250 987 1438 1042 quamvis

119 1036 234 1076 Infra
294 1035 395 1074 ucili
424 1048 596 1082 censum
620 1036 936 1091 ingeniumque,
965 1045 1107 1078 tamen
1131 1052 1201 1079 me
1385 1040 1438 1091 75

121 1090 228 1132 Cum
253 1089 412 1143 magnis
441 1089 592 1128 vixisse
618 1089 747 1128 invita
771 1090 975 1134 fatebitur
1001 1105 1136 1147 usque

118 1141 298 1191 Invidia,
328 1150 372 1181 et
397 1141 541 1196 fragili
567 1149 773 1196 quaerens
799 1142 966 1183 illidere
995 1145 1166 1185 dentem

119 1195 327 1237 Offendet
350 1194 487 1243 solido
496 1209 510 1247 3
536 1195 615 1234 nisi
642 1195 744 1251 quid
762 1204 830 1247 tu,
858 1196 985 1237 docte
1013 1198 1210 1250 Trebati,

119 1248 340 1289 Dissentis.

625 1302 927 1348 Trebatius.

382 1365 593 1421 Equidem
618 1366 720 1406 nihil
747 1367 816 1406 hic
844 1366 961 1406 diffin
995 1381 1068 1410 ere
1098 1383 1293 1423 possum,

119 1417 207 1457 Sed
233 1425 370 1457 tamen
398 1428 445 1459 ut
471 1420 653 1459 monitus
682 1433 854 1470 caveas,
880 1435 935 1461 ne
985 1430 1078 1462 orte
1107 1427 1255 1480 negoti
1385 1426 1437 1465 80

118 1472 293 1513 Incutiat
320 1471 396 1511 tibi
423 1472 523 1534 quid
552 1481 788 1512 sanctarum
813 1474 975 1514 inscitia
1003 1475 1169 1530 legum:

119 1524 165 1563 Si
190 1525 296 1562 mala
323 1526 558 1564 condiderit
585 1526 626 1565 in
654 1540 779 1581 quem
807 1528 899 1582 quis
927 1531 1128 1581 carmina,
1156 1532 1220 1573 ius
1251 1539 1315 1571 est

121 1577 423 1632 Iudiciumque.

632 1632 907 1671 Horatius.

435 1682 566 1731 Esto,
593 1684 627 1722 si
654 1685 745 1738 quis
772 1686 898 1735 mala3
927 1687 1002 1726 sed
1028 1689 1139 1728 bona
1165 1690 1200 1729 si
1227 1691 1318 1746 quis

118 1736 261 1776 Iudice
290 1734 526 1781 condiderit
550 1736 739 1775 laudatus
771 1738 980 1779 Caesare?
1007 1742 1042 1780 si
1066 1742 1157 1796 quis
1246 1750 1248 1752 ’

120 1789 372 1844 Oppi-ebriis
401 1789 572 1842 dignum
599 1789 870 1843 laceraverit,
899 1791 1063 1848 integer
1090 1795 1248 1849 ipse-²!
1380 1799 1433 1838 85

118 1945 163 1952 —
186 1938 216 1958 v.
232 1925 289 1969 64.
321 1938 386 1958 ora
415 1924 606 1969 ,in-cederet
630 1926 719 1958 Coll.
743 1927 820 1960 Sax.
845 1928 898 1960 Cf.
923 1930 1033 1962 Bentl.
1074 1948 1121 1956 —··
1155 1942 1189 1964 v.
1211 1932 1268 1965 65.
1308 1939 1342 1964 et
1368 1934 1436 1979 qui

119 1971 229 2004 Bentl.
250 1984 270 2004 e
290 1971 403 2003 Codd.
426 1978 461 2004 et
479 1972 621 2004 vetustis
639 1971 728 2004 Edd.
750 1973 844 2007 Olim
862 1975 984 2017 vulgo:
1011 1983 1076 2008 aut
1093 1977 1166 2022 qui.
1191 1977 1245 2008 Cf.
1263 1977 1431 2010 Bent1.—

118 2027 155 2048 v.
182 2017 237 2058 69.
270 2016 439 2049 tributum
474 2016 632 2049 Lambin.
658 2028 676 2049 e
706 2017 819 2049 Codd.
849 2019 901 2050 Cs.
925 2019 1048 2052 Heind.
1079 2039 1127 2045 ——
1160 2033 1197 2054 v.
1220 2031 1274 2064 79.
1306 2023 1431 2065 Magna

119 2059 189 2093 hoc
213 2063 295 2093 loco
319 2061 432 2094 Codd.
456 2068 490 2094 ct
511 2061 599 2105 Edd,
624 2067 778 2094 veterum
805 2064 968 2106 varietas;
1004 2064 1132 2098 habent
1158 2067 1251 2098 enim
1279 2068 1430 2110 primum

119 2103 175 2137 hic
198 2107 252 2138 vel
273 2105 371 2147 hinc,
402 2106 529 2139 deinde
555 2105 748 2150 diffundere
760 2130 771 2146 ,
803 2106 976 2150 clgffidere,
1001 2108 1196 2153 dqfingere,
1231 2110 1428 2156 dgfinclere,

119 2147 321 2193 diffingere,
344 2150 522 2194 dg'ffigere,
547 2150 752 2196 defi-ingere.
778 2152 858 2184 Vid.
877 2154 984 2186 Bentl.
1004 2155 1126 2187 Heind.
1150 2157 1230 2188 Fea.
1255 2176 1298 2181 ——
1321 2168 1356 2188 v.
1371 2157 1427 2189 85.

119 2193 324 2228 lacer-averit
346 2197 456 2228 Bentl.
482 2208 586 2240 quem
610 2196 689 2228 vid.
719 2208 738 2229 e
763 2196 877 2230 Codd.
903 2199 1062 2232 Lambin.
1094 2201 1209 2244 Vulgo
1232 2200 1425 2233 latraverit.

121 2238 175 2270 Cf.
197 2239 306 2272 Benu.
326 2241 417 2283 Fea,
439 2241 540 2273 Both.
560 2242 740 2274 Annotatt.
