1526 2404
140 155 188 196 16
579 165 621 204 Q·
649 163 833 190 nor-Aru
862 162 1018 190 FLAcm

135 263 291 308 primum
315 259 514 295 communis
539 258 602 290 illa
627 256 807 289 hominum
827 258 1038 301 perversitas
1062 257 1278 299 exagitatur,
1304 265 1373 299 qua
1394 266 1459 287 no-

135 314 212 340 stra
240 309 324 340 vitia
347 312 406 339 aut
431 306 537 349 plane
562 304 762 346 ignoramus
793 308 854 334 aut
880 314 1015 334 summa
1037 302 1256 345 indulgentia
1279 300 1461 341 fovemus,

135 354 289 386 aliorum
311 358 450 392 contra,
475 351 532 382 vel
558 349 766 390 amicorum,
792 348 917 380 sedulo
943 348 1149 392 inquirimus
1174 352 1209 379 et
1234 346 1462 379 acerbissima

134 400 322 431 severitate
348 403 522 430 notamus.
556 393 693 426 Deinde
719 394 761 425 V.
786 394 839 436 76.
879 394 999 426 transit
1032 398 1143 437 poeta
1174 391 1220 424 ad
1256 391 1464 424 Stoicorum
1510 404 1515 407 s

134 443 433 488 philosophorum
459 440 669 473 sententiam
695 440 813 471 omnia
837 440 920 471 vitia
945 438 1108 482 aequalia
1132 437 1361 479 habentium;
1393 446 1463 480 qua

135 489 279 532 quidem
306 501 387 522 cum
404 488 668 519 obtrectatores
685 484 782 516 abuti
801 485 937 528 possint
949 508 959 525 ,
987 484 1186 517 contrariae
1204 483 1465 526 Epicureorum

135 536 332 567 sententiae
349 533 566 566 adhibentur
586 531 628 562 V.
643 531 751 573 98—1
763 541 812 562 12.
839 530 1006 574 Sequitur
1019 534 1239 574 postremum
1255 526 1353 560 aliud
1370 527 1466 559 Stoi-

136 599 262 623 corum
291 573 540 628 παράδοξον
577 587 621 619 V.
652 587 724 619 126.
751 587 847 629 quod
872 591 983 630 poeta
1016 584 1179 626 deridet,
1210 585 1263 616 ita
1289 587 1330 615 ut
1351 581 1465 615 vivida

137 641 175 668 et
197 635 311 667 alacri
334 633 495 674 clausula
517 641 634 664 sermo
659 631 812 664 finiatur.
835 629 1020 676 Heindorf

139 730 345 771 Omnibus
372 729 456 771 hoc
485 730 630 771 vitium
664 738 728 770 est
754 728 1017 780 cantoribus,
1045 728 1155 769 inter
1183 727 1339 770 amicos

135 786 192 824 Ut
219 797 431 838 nunquam
457 784 653 825 inducant
682 785 861 824 animum
891 792 1059 825 cantare
1087 782 1248 836 rogati,

136 837 284 877 Iniussi
303 852 513 892 nunquam
543 838 755 878 desistant.
787 836 944 876 Sardus
970 835 1152 876 habebat

137 892 212 930 Ille
242 891 445 945 Tigellius
472 891 566 931 hoc.
598 894 772 941 Caesar,
805 890 876 945 qui
904 903 1060 944 cogere
1087 897 1257 943 posset,

140 945 185 983 Si
213 952 381 997 peteret
406 958 486 998 per
513 946 733 985 amicitiam
760 944 892 998 patris
923 952 1048 999 atque
1077 943 1207 983 suam*
1220 957 1306 983 non
1439 941 1467 982 5

146 998 387 1058 Quidquam
407 996 657 1051 proficeret:
687 999 722 1038 si
750 996 1029 1047 collibuisset,
1052 994 1103 1035 ab
1133 1010 1216 1037 ovo

137 1053 282 1106 Usque
311 1051 363 1090 ad
384 1052 491 1091 mala
519 1052 690 1103 citaret,
718 1053 763 1091 Io
792 1051 982 1091 Bacche!
1020 1050 1147 1090 modo
1177 1062 1339 1090 summa

139 1104 285 1154 Voce,
311 1105 438 1144 modo
465 1105 565 1154 hac,
596 1114 767 1147 resonat
789 1118 896 1159 quae
924 1104 1092 1144 chordis
1121 1111 1302 1157 quatuor
1332 1101 1429 1142 ima.

138 1158 204 1196 Nil
235 1157 409 1211 aequale
437 1157 594 1196 homini
621 1159 702 1198 fuit
728 1159 800 1197 illi.
836 1158 975 1210 Saepe
1004 1158 1121 1196 velut
1146 1156 1218 1211 qui

142 1210 351 1250 currebat
379 1210 546 1264 fugiens
573 1211 764 1260 hostem,
793 1223 1000 1263 persaepe
1031 1209 1146 1249 velut
1174 1208 1247 1264 qui
1419 1219 1466 1245 ιο

139 1263 306 1303 Iunonis
334 1277 450 1302 sacra
477 1263 637 1315 ferret3
666 1263 848 1303 habebat
875 1277 1002 1316 saepe
1033 1262 1259 1310 ducentos,

143 1318 280 1370 Saepe
310 1317 457 1356 decem
484 1331 630 1358 servos
639 1332 652 1368 3
682 1317 809 1356 modo
839 1330 964 1370 reges
994 1324 1033 1355 at
1062 1329 1117 1355 ue
1154 1313 1413 1363 tetrarchas,

142 1370 294 1410 Omnia
314 1384 379 1408 ma
411 1384 485 1420 na,
506 1371 704 1426 loquens3
723 1370 873 1419 modo,
903 1370 965 1409 Sit
985 1371 1040 1409 mi
1071 1370 1085 1408 i
1105 1381 1246 1408 mensa
1267 1368 1399 1421 tripes
1427 1374 1470 1406 et

144 1424 313 1463 Concha
341 1437 385 1462 sa
402 1423 435 1462 is
463 1425 561 1476 puri
586 1433 628 1463 et
655 1433 776 1477 toga,
806 1437 912 1485 quae
941 1423 1174 1463 defendere
1202 1421 1364 1475 frigus,

143 1476 345 1535 Quamvis
370 1490 530 1528 crassa,
563 1486 699 1532 queat.
729 1479 882 1516 Decles
910 1485 1084 1516 centena
1113 1475 1299 1515 dedisses
1423 1473 1470 1512 15

142 1531 254 1570 Huic
280 1543 408 1583 parco
439 1532 583 1583 paucis
613 1538 835 1580 contento,
866 1531 1051 1585 quinque
1082 1528 1228 1568 diebus

142 1584 210 1623 Nil
244 1591 333 1623 erat
359 1583 401 1621 in
427 1583 591 1624 loculis.
623 1586 777 1623 Noctes
807 1583 1004 1638 vigilabat
1031 1583 1083 1622 ad
1116 1583 1254 1636 ipsum
1290 1587 1294 1594 ‘

143 1639 286 1688 Mane3
316 1635 426 1675 diem
453 1645 589 1677 totum
617 1637 831 1677 stertebat.
860 1638 926 1676 Nil
955 1637 1036 1676 fuit
1063 1651 1119 1675 un
1151 1650 1247 1675 uam

148 1691 216 1730 Sic
243 1691 376 1742 impar
398 1690 488 1730 sibi.
517 1693 635 1731 Nunc
667 1691 812 1745 aliquis
842 1691 951 1730 dicat
978 1690 1099 1738 mihi,
1123 1651 1247 1750 c{Quid
1275 1686 1354 1727 tu?

144 1744 319 1783 Nullane
347 1742 475 1783 habes
498 1744 625 1784 vitia?
647 1746 734 1784 Imo
758 1745 857 1795 alia,
880 1745 992 1783 haud
1009 1744 1192 1783 fortasse
1213 1741 1386 1780 minora.
1419 1752 1470 1780 20

145 1797 329 1837 Maenius
352 1795 565 1837 absentem
581 1798 762 1839 Novium
784 1813 913 1854 quum
932 1805 1150 1852 carperet,
1178 1797 1386 1845 Heus-tu,

216 1935 289 1976 ΙΙΙ,
313 1946 343 1966 v.
372 1945 403 1977 7.
428 1934 573 1966 iteraret
593 1944 660 1977 pro
688 1934 811 1966 citaret
834 1932 956 1966 Bentl.
982 1944 1025 1966 ex
1047 1933 1141 1966 coni.
1165 1930 1247 1963 Vid.
1273 1929 1399 1962 Heind.
1423 1947 1470 1954 -

148 1978 237 2013 Ibid.
274 1981 314 2012 Io
349 1978 507 2011 Bacchae
543 1979 657 2011 Codd.
695 1980 844 2022 aliquot.
884 1985 921 2012 et
954 1979 1018 2011 Ed.
1053 1978 1248 2010 Mediolan.
1289 1974 1386 2018 1477.
1415 1974 1470 2006 Cs-

150 2026 266 2058 Bentl.
290 2031 325 2057 et
347 2025 470 2057 Heind.
495 2041 540 2048 -
561 2036 595 2056 v.
615 2037 664 2057 ιι.
693 2024 809 2056 alebat
822 2025 934 2055 Bentl.
953 2034 995 2056 ex
1010 2025 1186 2067 scriptura
1201 2020 1293 2056 Cod.
1308 2020 1471 2052 Vossian-

147 2070 309 2103 Halebat.
335 2070 388 2102 Cf.
415 2069 539 2101 Heind.
576 2089 621 2095 —-
657 2082 692 2102 v.
718 2079 772 2103 20.
811 2067 912 2101 haud
942 2070 978 2101 in
1011 2080 1081 2101 uno
1105 2069 1199 2100 Feae
1225 2065 1314 2098 Cod.
1340 2071 1375 2099 et
1405 2065 1470 2096 Ed.

149 2116 232 2148 Ald.
254 2116 351 2147 Unus
373 2115 462 2148 Cod.
489 2123 574 2156 aut,
603 2116 731 2159 reliqui
766 2125 887 2147 omncs
913 2120 950 2149 et
972 2115 1060 2147 Edd.
1088 2119 1174 2147 vett.
1197 2117 1276 2144 ante
1303 2109 1470 2145 Aldinam

151 2169 195 2194 et.
221 2160 365 2193 Baxter.
401 2161 494 2193 coni.
518 2169 565 2192 at.
590 2159 673 2194 Vid.
707 2160 828 2194 Bentl.
865 2161 925 2204 qui
958 2161 1153 2194 lectionem
1176 2165 1209 2190 et
1240 2157 1398 2201 probat,
1434 2159 1473 2190 et

152 2203 277 2240 Heind.
302 2204 362 2251 qui
385 2204 517 2251 probat
540 2204 649 2239 haud.
