1526 2404
74 153 147 195 ¹4⁰
515 162 554 201 Q,
582 162 766 190 uonA'ru
794 162 951 189 rLAcci

73 253 237 306 Fruges
268 260 311 292 et
339 251 447 306 agris
476 252 621 292 retulit
646 252 820 305 uberes,

67 307 122 346 Et
144 306 259 360 signa
285 313 431 346 nostro
462 306 644 346 restituit
670 307 780 356 Iovi⁷

120 360 309 412 Derepta
337 358 591 398 Parthorum
619 360 811 413 superbis

169 412 390 463 Postibus,
420 420 463 452 et
490 426 667 452 vacuum
688 413 838 453 duellis

64 489 205 527 Ianum
235 488 456 550 Quirinum
485 489 628 540 clusit,
650 497 693 528 et
719 490 908 538 ordinem

64 542 244 581 Rectum
270 543 460 596 evaganti
488 542 608 582 frena
636 543 847 583 Licentiae

117 595 282 645 Iniecit‚
312 596 552 651 emovitque
581 596 746 649 culpas,

170 650 227 688 Et
253 657 419 689 veteres
449 650 667 690 revocavit
687 658 797 690 artes
815 679 827 700 ‚

64 725 151 764 Per
180 737 281 778 quas
310 724 503 764 Latinum
530 739 684 766 nomen
711 734 754 766 et
780 727 907 766 Italae

67 779 256 817 Crevere
287 777 421 827 vires,
450 778 645 833 famaque
675 788 718 820 et
744 781 895 834 imperi

115 831 318 871 Pom-ecta
346 831 535 871 maiestas
565 833 617 872 ad
648 842 789 874 ortum

170 884 279 923 Solis
308 884 359 924 ab
387 886 596 939 Hesperio
627 887 766 927 cubili.

67 958 253 998 Custode
282 974 425 1000 rerum
456 962 657 1005 Caesare,
684 975 770 1001 non
797 960 922 1004 furor

67 1012 207 1051 Civilis
238 1021 308 1060 aut
336 1015 396 1054 vis
427 1016 581 1055 eximet
609 1014 765 1065 otium,

116 1067 210 1105 Non
237 1066 319 1114 ira,
348 1082 455 1121 quae
483 1067 680 1121 procudit
708 1082 850 1121 enses,

169 1119 226 1157 Et
251 1119 422 1159 miseras
449 1122 631 1160 inimicat
658 1121 797 1161 urbes.

63 1195 179 1244 Non,
208 1194 279 1249 qui
305 1194 564 1248 profundum
590 1194 827 1233 Danubium
853 1194 1025 1246 bibunt,

63 1247 215 1286 Edicta
240 1256 436 1301 rumpent
463 1248 586 1298 Iulia,
614 1261 698 1286 non
727 1247 884 1299 Getae,

115 1302 209 1340 Non
238 1300 386 1351 SereS‚
414 1300 584 1340 infidive
611 1302 790 1350 Persae,

171 1356 265 1393 Non
295 1355 449 1394 Tanain
477 1368 612 1408 prope
641 1351 798 1392 flumen
829 1354 923 1393 orti.

63 1431 233 1485 Nosque
265 1439 307 1470 et
333 1428 533 1481 profestis
564 1430 723 1469 lucibus
753 1437 795 1469 et
824 1430 972 1482 sacris,

64 1485 177 1523 Inter
205 1483 338 1523 iocosi
364 1496 537 1520 munera
564 1483 728 1533 Liberi,

119 1538 223 1576 Cum
249 1537 370 1590 prole
398 1536 681 1591 matronisque
709 1536 887 1588 nostris,

167 1590 266 1629 Rite
297 1590 413 1628 Deos
440 1588 555 1640 prius
582 1589 817 1643 apprecati,

64 1667 231 1709 Virtute
260 1665 449 1714 functos,
477 1679 597 1705 more
624 1675 815 1719 patrum,
845 1664 996 1717 duces,

63 1720 188 1773 Lydis
217 1719 395 1759 remixto
425 1719 605 1758 carmine
634 1720 742 1759 tibiis

116 1773 369 1827 Troiamque
397 1780 439 1811 et
467 1772 675 1813 Anchisen
704 1781 747 1813 et
775 1771 904 1812 almae

170 1825 424 1880 Progeniem
452 1825 629 1868 Veneris
660 1839 867 1867 canemus.

1316 551 1393 602 ἱ10

1346 829 1394 869 ι5

1340 1135 1392 1163 20

1342 1432 1394 1472 25

1338 1721 1427 1762 30¹

64 2006 108 2014 —-
130 2000 161 2020 v.
177 1998 212 2031 7.
238 1984 373 2030 derepta
395 1985 517 2029 plures
543 1984 657 2018 Codd.
682 1991 719 2018 et
743 1985 832 2017 Edd.
857 1983 942 2019 vid.
964 1987 1048 2019 Fea.
1071 2006 1116 2014 —
1139 1998 1169 2019 v.
1184 1996 1219 2030 9.
1244 1978 1379 2020 Omnes

66 2031 183 2067 Codd.
206 2033 332 2064 Ianum
350 2032 493 2074 Quirini
510 2030 563 2063 Cf.
579 2031 699 2063 Bentl.
725 2036 763 2064 et
785 2031 868 2063 Fea.
885 2051 926 2056 —
951 2043 980 2064 v.
997 2029 1072 2064 eod.
1099 2031 1211 2065 Clu-sit
1226 2029 1377 2075 Cuning.

65 2078 127 2112 sed
142 2076 261 2110 Codd.
282 2076 423 2113 clausit.
439 2074 523 2110 Vid.
546 2078 628 2111 Fea.
646 2095 688 2101 —-
713 2087 743 2108 v.
763 2078 813 2110 15.
837 2077 960 2109 Plures
979 2076 1108 2109 Codd...
1117 2083 1154 2109 et
1175 2077 1265 2108 Edd.
1289 2083 1378 2109 vett.

65 2132 163 2157 ortus
189 2121 244 2156 Cf.
269 2121 390 2154 Bentl.
416 2141 461 2148 --
491 2133 523 2157 v.
550 2122 600 2155 18.
635 2123 757 2154 eximet
780 2123 894 2155 maior
915 2132 999 2167 pars
1024 2120 1144 2157 Codd.
1179 2123 1239 2154 alii
1265 2122 1379 2165 exiget

66 2169 119 2203 Cf.
145 2168 266 2203 Banu.
292 2173 330 2202 et
354 2167 438 2202 Fea.
