1526 2404
136 170 187 210 82
588 181 628 220 Q·
656 182 837 211 nons‘rn
865 182 1020 209 πωροι

138 275 319 322 Vester,
348 274 582 323 Camenae,
612 281 755 316 vester
782 274 823 313 in
852 274 1006 314 arduos

135 328 284 367 Tollor
313 325 512 377 Sabi11083
541 339 617 366 seu
645 327 746 366 mihi
772 327 977 381 frigidum

187 383 443 430 Praeneste,
475 393 558 419 seu*
581 379 714 419 Tibm·
743 381 938 434 supinum
956 411 968 432 ‚

242 434 329 472 Seu
357 432 541 488 liquidae
570 433 771 487 placuere
790 434 932 474 Baiae.

132 513 296 556 Vestris
329 513 509 553 amicum
539 513 727 554 fontibus
761 521 804 552 et
833 512 996 565 choris,
1411 519 1463 558 25

130 569 224 607 Non
251 580 319 607 me
347 567 552 621 Philippis
581 580 708 611 versa
736 567 846 606 acies
874 574 1040 620 retro„

184 622 353 661 Devota
384 635 469 660 non
502 621 699 661 exstinxit
728 619 876 671 arbor,

235 677 325 714 Nec
355 673 495 716 Sicula
513 674 734 714 Palinurus
762 673 884 713 unda.

131 756 356 808 Utcunque
383 766 549 793 mecum
579 767 655 794 vos
685 755 799 794 eritis
817 785 828 805 ‚
857 755 991 796 libens

128 807 404 847 Insanientem
430 807 568 847 navita
594 809 838 862 Bosporum
1407 812 1462 852 3ο

181 860 396 910 Tentab0‚
426 868 469 900 et
496 869 668 901 urentes
697 875 843 902 arenas

236 914 391 954 Litoris
420 914 580 967 Assyrii
608 915 758 955 viator.

126 993 269 1033 Visam
297 990 518 1030 Britannos
546 991 782 1045 hospitibus
810 991 953 1043 feros,

125 1047 183 1086 Et
211 1046 367 1084 laetum
397 1045 551 1099 equino
582 1046 781 1099 sanguine
813 1047 1075 1098 Concanum3

180 1099 323 1142 Visam
356 1097 633 1150 pharetratos
652 1100 838 1139 Gelonos
1400 1098 1454 1140 35

231 1152 288 1190 Et
315 1150 558 1202 Scythicum
584 1151 806 1192 inviolatus
838 1166 1013 1192 amnem.

124 1231 214 1271 Vos
244 1229 466 1267 Caesarem
494 1225 622 1276 altum
650 1226 814 1277 militia,
842 1227 966 1266 simul

123 1284 159 1323 F
163 1296 274 1322 essas
305 1280 504 1320 cohortes
533 1279 717 1319 reddidit
745 1279 936 1333 oppidis,

179 1336 322 1375 Finire
352 1341 626 1388 quaerentem
655 1333 823 1373 labores
874 1379 877 1382 ¹

228 1387 371 1428 Pierio
402 1386 601 1425 recreatis
632 1396 774 1426 antro:
1397 1391 1450 1434 4ο

122 1467 209 1505 Vos
238 1465 335 1503 lene
363 1463 579 1502 consilium
608 1471 651 1502 et
680 1463 810 1513 datis,
841 1471 884 1502 et
914 1461 1011 1501 dato

124 1518 351 1567 Gaudetis,
385 1517 529 1555 almae.
585 1516 769 1568 Scimus,
798 1525 844 1556 ut
873 1516 1022 1569 impios

173 1572 340 1611 Titanas
368 1570 672 1624 immanemque
698 1578 878 1610 turmam

226 1624 419 1664 Fulmine
449 1623 665 1663 sustulerit
691 1624 875 1676 caduco,

207 1819 242 1840 v.
261 1808 314 1840 31.
342 1817 482 1840 urentes
506 1810 608 1841 multi
635 1806 752 1841 Codd.
779 1809 885 1841 etiam
910 1809 1026 1842 Vand.
1054 1813 1090 1841 et
1110 1807 1229 1847 Fene,
1251 1806 1444 1851 pluresque

120 1854 212 1886 Edd.
239 1853 356 1895 Vulgo
383 1862 520 1886 arentes
544 1855 596 1886 Cf.
623 1855 736 1887 Bentl.
761 1855 853 1896 Fea,
875 1855 977 1888 Both.
1012 1873 1057 1880 -
1092 1865 1128 1886 v.
1153 1854 1209 1896 37.
1238 1851 1313 1884 Fea
1335 1851 1444 1891 altum

120 1899 242 1931 milicia
267 1899 450 1942 coniungit
468 1901 488 1931 i.
505 1911 535 1932 e.
557 1900 642 1932 hello
657 1901 879 1932 innuli-immi.
894 1901 1012 1943 Vulgo
1033 1898 1154 1931 militia
1178 1908 1259 1931 cum
1282 1897 1444 1940 sequenti

121 1945 298 1977 vocabulo
326 1945 576 1988 copulabatur.
600 1964 646 1969 —
668 1956 702 1976 υ.
720 1945 774 1977 38.
800 1946 925 1978 Plures
942 1945 1058 1978 Codd.
1085 1943 1180 1987 apud
1200 1942 1314 1974 Bentl.
1331 1941 1443 1990 Van-d.

120 1991 229 2022 Feam
251 1995 356 2033 atque
372 1990 461 2021 Edd.
478 1997 562 2022 wtt.
585 1988 756 2029 reddidit,
781 2002 930 2034 eamque
950 1991 1145 2024 lectionem
1160 1993 1307 2020 tuentur
1328 1987 1443 2019 Bentl.

121 2041 157 2068 et
181 2036 278 2077 Fea3
314 2036 453 2077 vulgata
477 2036 586 2068 lectio
617 2041 667 2068 est
703 2035 838 2068 abdidit
858 2037 903 2069 de
931 2047 1002 2080 qua
1023 2035 1078 2067 Cf.
1102 2033 1255 2076 Doering.
1295 2031 1444 2075 Aliquot

122 2081 237 2113 Codd.
274 2080 389 2112 Vand.
427 2080 584 2121 addidit,
625 2081 723 2124 quod
761 2081 875 2113 Vand.
909 2092 1031 2115 verum
1061 2079 1200 2112 videtur
1234 2082 1269 2110 et
1294 2076 1442 2119 ΒοῐΙιίο,

122 2138 226 2170 quem
250 2126 294 2158 V.
318 2144 364 2150 —
387 2137 422 2158 v.
449 2126 502 2169 43.
530 2127 667 2159 turbam
694 2126 783 2158 Cod.
809 2127 915 2160 Brod.
942 2128 1024 2168 alii,
1061 2122 1255 2168 eademque
1277 2122 1443 2156 lectionis

119 2173 269 2204 varietas
285 2171 374 2203 infra
397 2184 426 2203 v.
450 2171 504 2214 46.
530 2173 590 2205 ubi
617 2172 676 2204 alii
702 2179 857 2214 turmas,
882 2174 942 2207 alii
966 2169 1100 2206 turbas.
1121 2187 1166 2195 —
1187 2179 1225 2202 v.
1245 2166 1301 2212 44.
1325 2167 1439 2201 Bentl.

121 2218 214 2251 coni.
239 2216 422 2250 sustulerit
445 2229 622 2251 corr-usco.
