1526 2404
101 137 154 178 30
556 152 593 191 Q,
624 150 806 177 noan-11
836 150 991 197 FLAcet

100 240 157 278 At
184 253 236 279 ne
265 241 356 294 quis
386 241 539 280 modici
567 241 791 280 transsiliat
815 249 989 291 munera
1024 239 1190 292 Liberi,

101 292 335 332 Centaurea
365 301 509 332 monet
539 308 633 333 eum
661 294 847 347 Lapithis
875 295 964 333 rixa
991 306 1120 346 super
1149 306 1269 334 mero

96 344 343 396 Debellata3
370 354 515 385 monet
545 347 742 386 Sithoniis
772 361 856 386 non
884 347 988 387 levis
1010 346 1164 398 Evius,

97 396 241 454 Quum
270 397 332 437 fas
363 407 488 452 atque
514 400 632 438 nefas
661 401 813 454 exiguo
839 398 920 439 fine
940 399 1183 451 ¹libidinum·
1383 400 1450 440 '10‘

94 451 349 490 Discernunt
379 452 501 490 avidi.
530 454 622 491 Non
653 467 734 506 ego
764 456 828 500 te,
861 452 1036 491 candide
1063 453 1295 504 Bassareu,

93 504 504 557 Invitum-quatiam,
533 519 612 544 nee
644 505 768 545 variis
799 505 934 544 obsita
960 503 1184 544 frondibus

94 556 181 594 Sub
211 556 351 595 divum
377 557 547 609 rapiam.
581 559 714 598 Saeva
738 566 836 597 tene
866 571 960 596 cum
995 559 1134 597 Beree
1162 557 1249 597 ntio

93 610 237 650 Cornu
262 617 479 663 tympana,
507 625 616 664 quae
644 611 915 665 subsequitur
944 623 1092 650 caecus
1120 641 1134 648 -
1204 623 1254 650 or
1283 611 1371 662 sui,

90 662 146 700 Et
173 661 325 700 tollens
357 676 535 702 vacuum
561 664 656 716 plus
685 664 812 703 nimio
845 663 992 702 Gloria
1019 662 1245 715 verticem,
1376 664 1423 705 15

89 713 329 769 Arcanique
358 714 485 754 Fides
514 716 717 771 prodiga,
743 715 1156 771 perlucidior‘vitro.

584 889 773 929 CARMEN
802 889 911 928 XIX.

446 977 487 1015 D
516 977 552 1015 E
611 978 649 1017 G
676 979 711 1016 L
740 979 777 1016 Y
807 978 839 1016 C
869 978 906 1016 E
934 977 973 1015 R
1002 977 1052 1015 A.

422 1064 467 1096 Se
502 1067 577 1097 eius
611 1076 733 1098 amore
770 1066 889 1098 denuo
923 1065 1078 1098 incendi.

568 1140 722 1186 Men-iun
747 1153 864 1185 Carm.
887 1155 924 1189 3.

79 1233 215 1270 Mater
242 1245 367 1272 saeva
396 1232 673 1286 Cupidinum,

131 1283 445 1346 Thebanaeque
476 1286 594 1325 iubet
621 1298 690 1324 me
718 1284 907 1325 Semeles
935 1299 1066 1339 puer,

78 1338 133 1376 Et
162 1337 315 1376 lasciva
342 1338 530 1377 Llcentia
740 1370 743 1372 .

130 1390 276 1429 Finitis
308 1389 488 1429 anim'um
519 1390 702 1430 reddere
731 1390 957 1431 amoribus.

75 1442 169 1481 Urit
196 1456 264 1481 me
293 1443 499 1494 Glycerae
528 1444 639 1482 nitor
1102 1472 1106 1476 ,
1173 1488 1175 1490 ,
1386 1443 1412 1483 5

129 1495 397 1548 Splendentis
426 1496 551 1535 Pario
575 1509 784 1535 marmore
812 1495 981 1548 purius3

22 1596 33 1599 .,
75 1547 167 1587 Urit
189 1555 306 1600 grata
330 1549 607 1600 protervitas,
1030 1596 1036 1604 ⁸

126 1601 183 1639 Et
211 1600 350 1640 vultus
372 1600 543 1639 nimium
571 1601 759 1641 lubricus
802 1599 976 1654 adspici.

73 1654 117 1692 In
145 1666 213 1692 me
241 1661 331 1692 tota
358 1666 484 1692 ruens
513 1655 657 1695 Venus

128 1705 312 1757 Cyprum
341 1705 552 1757 deseruit3
581 1721 658 1751 nee
697 1707 854 1760 patitur
888 1707 1086 1760 Scythas,
1359 1722 1404 1747 ιο

70 1759 127 1796 Et
154 1758 286 1797 versis
316 1759 546 1798 animosum
591 1760 710 1814 equis
958 1760 960 1766 ’
1129 1772 1133 1778 ’

121 1810 326 1849 Parthum
354 1810 523 1863 dicere,
547 1825 626 1852 nee
657 1826 765 1868 quae
791 1813 892 1853 nihil
930 1814 1116 1854 attinent.

133 1979 169 2001 v.
199 1978 230 2010 7.
250 1979 305 2018 ‘ac
332 1979 373 1999 ne
396 1970 476 2013 quis
505 1969 627 2012 plures
653 1969 770 2004 Codd.
798 1972 910 2005 Bentl.
938 1977 973 2003 ct
992 1953 1113 2003 'Vand.
1138 1969 1181 2001 V.
1203 1968 1316 2001 Bentl.
1351 1985 1397 1992 —

64 2024 100 2044 v.
131 2014 182 2046 13.
217 2010 312 2044 dmm
334 2012 396 2044 Ed.
425 2012 606 2065 Glareani.
633 2034 677 2039 —
712 2028 743 2048 υ.
774 2018 824 2049 15.
860 2029 893 2048 ea
905 2017 1027 2048 tollens
1051 2025 1118 2059 pro
1144 2022 1177 2046 et
1201 2013 1274 2046 toll.
1300 2009 1393 2044 Cod.

67 2056 194 2090 Graev.
219 2055 314 2089 coll.
342 2057 420 2089 Sax.
446 2070 502 2090 suc
524 2067 558 2090 et
580 2059 762 2092 Aclcollens
784 2060 934 2103 Cuning.
963 2066 999 2093 et
1022 2060 1086 2091 Ed.
1112 2058 1211 2090 Glar.
1271 2065 1278 2071 ·

131 2117 230 2157 XIX,
254 2128 283 2150 ν.
301 2127 332 2148 2·
357 2115 474 2148 iubent
493 2115 610 2150 Codd.
627 2119 764 2162 aliquot
781 2120 893 2152 Bentl.
910 2118 967 2152 Cf.
983 2129 1088 2162 supra
1103 2117 1148 2150 ad
1170 2117 1207 2158 I,
1228 2117 1279 2157 13,
1298 2117 1332 2150 6.
1355 2122 1391 2149 et

66 2160 177 2194 Bentl.
203 2161 248 2194 ad
274 2161 343 2194 Od.
370 2161 405 2203 I,
432 2160 497 2204 24,
520 2162 553 2195 8.
576 2180 622 2189 —
644 2175 680 2196 v.
710 2174 759 2197 12.
784 2167 911 2198 attinet
935 2162 1029 2198 cod.
1051 2162 1158 2196 Brod.
1185 2167 1222 2195 et
1245 2160 1368 2194 Bland.
