1526 2404
100 165 103 168 Δ
147 174 200 221 68
594 194 632 235 Q.
662 194 841 222 nonu-11
870 195 1023 224 uacci

146 275 317 318 Scandit
344 288 501 321 aeratas
532 281 679 322 vitiosa
709 295 833 322 naves

146 329 279 381 Cura,
307 346 385 372 nec
412 342 568 374 turmas
598 335 785 390 equitum
813 336 1030 392 relinquit,

143 382 278 425 Ocior
302 386 459 437 cervis,
489 397 532 428 et
559 397 708 442 agente
735 388 898 429 nimbos

407 439 541 481 Ocior
569 443 701 482 Euro.

140 515 294 555 Laetus
321 515 362 555 in
387 530 584 570 praesens
611 519 791 568 animus,
821 519 936 573 quod
963 519 1071 560 ultra
1098 527 1162 560 est

140 567 294 609 Oderit
322 583 492 621 curare,
527 581 571 612 et
596 585 733 611 amara
762 572 877 612 lento

139 622 367 676 Temperet
393 625 491 664 risu.
522 625 632 665 Nihil
662 633 726 664 est
754 624 805 664 ab
835 627 947 666 omni

399 679 525 718 Parte
553 679 734 719 beatum.

136 750 322 792 Abstulit
348 753 507 793 clarum
536 752 615 792 cita
644 769 757 795 mors
785 756 1015 806 Achillem,

134 806 281 860 Longa
309 806 534 846 Tithonum
561 807 707 847 minuit
735 818 947 850 senectus:

134 858 191 898 Et
216 859 317 899 mihi
344 860 510 910 forsan,
539 861 616 900 tibi
644 862 760 916 quod
785 864 971 918 negarit,

394 914 593 969 Porriget
621 916 751 955 Hora.

133 988 195 1026 Te
224 1000 376 1048 greges
408 998 572 1029 centum
601 991 764 1031 Siculae
826 1005 849 1031 e
878 990 1035 1030 circum

131 1041 320 1094 Mugiunt
347 1056 523 1094 vaccae3
551 1044 626 1083 tibi
651 1045 762 1084 tollit
818 1044 992 1083 inuitum

129 1093 240 1147 Apta
268 1096 478 1150 quadrigis
507 1111 612 1150 equa
621 1111 634 1148 3
663 1106 705 1136 te
732 1098 795 1137 bis
822 1097 932 1136 Afro

392 1149 551 1188 Murice
575 1150 728 1189 tinctae

128 1220 323 1261 Vestiunt
349 1222 466 1262 lanae
475 1237 487 1274 3
515 1223 615 1262 mihi
642 1237 771 1277 parva
797 1237 918 1273 rura,
946 1231 990 1262 et

128 1273 328 1326 Spiritum
356 1276 504 1315 Graiae
532 1285 701 1316 tenuem
730 1277 934 1316 Camenae

126 1327 259 1367 Parca
284 1343 368 1368 non
394 1329 570 1369 mendax
598 1330 738 1381 dedit,
769 1338 812 1370 et
837 1330 1061 1384 malignum

389 1382 599 1437 Spcrnere
629 1384 794 1437 vulgus.

610 1515 797 1557 mmmm
825 1517 953 1558 XVII.

524 1603 604 1642 AD
631 1604 1036 1643 MAECENATEM.

1406 808 1458 849 30

189 1689 433 1723 Maecenatem
459 1693 556 1727 velut
589 1693 746 1728 assidens
779 1695 996 1739 alloquitur,
1027 1703 1095 1739 pro
1128 1692 1311 1736 praesenti
1345 1695 1441 1726 statu

121 1733 332 1768 valetudinis
356 1736 444 1769 vitae
470 1744 690 1781 pertaesum.

589 1829 749 1864 [Hetrum
775 1832 964 1867 Alcaicum.

121 1899 207 1939 Cur
234 1916 300 1941 me
329 1904 510 1957 querelis
538 1908 741 1946 exanimas
766 1906 876 1947 tuis?

119 1954 206 1992 Nec
234 1955 311 1994 Dis
340 1957 514 1997 amicum
544 1968 626 2009 est,
653 1975 731 2000 nec
757 1961 879 2013 mihi,
905 1969 947 2000 te
975 1960 1090 2015 prius

171 2005 327 2059 Obire,
354 2011 591 2062 Maecenas,
618 2028 803 2053 mearum

225 2061 393 2102 Grande
421 2064 548 2104 decus
578 2067 851 2123 columenque
878 2079 1031 2107 rerum.

185 2208 220 2228 v.
236 2197 291 2230 26.
325 2197 398 2230 leni
417 2199 491 2232 risu
515 2202 611 2234 coni.
637 2202 749 2238 Bentl.
777 2214 884 2246 quem
910 2202 955 2238 V.
981 2219 1026 2227 --
1059 2212 1095 2235 v.
1115 2200 1168 2233 33.
1203 2198 1330 2230 circum
1354 2208 1429 2230 mu·
1523 2222 1526 2226 «

118 2241 222 2285 giunt
243 2252 314 2275 uno
340 2243 449 2276 verbo
474 2246 594 2290 placet
618 2247 721 2282 Both.
749 2249 782 2280 in
806 2248 989 2284 Annotatt.

1517 2349 1526 2404 ...12ss
1523 2322 1526 2340 A„
1523 2300 1526 2307 .
