1526 2404
462 159 691 186 ammaum
718 158 806 185 un.
834 145 874 196 1,
899 145 968 192 34.

60 256 273 296 Decantes
305 253 475 308 elegos,
501 266 579 292 cur
602 251 679 291 tibi
703 251 843 291 iunior

319 308 453 347 Laesa
480 305 716 360 praeniteat
742 303 840 344 fide.

59 376 266 428 Insignem
291 376 409 416 tenui
437 375 579 415 fronte
606 372 813 425 Lycorida

62 429 162 482 cyri
190 437 328 469 torret
354 442 492 478 am0r3
523 428 655 478 Cyrus
681 426 725 465 in
752 438 944 479 asperam

58 483 252 522 Declinat
278 482 494 522 Pholossn:
516 479 594 519 sed
617 479 735 533 prius
764 477 944 532 Appulis

319 537 549 588 Iungentur
576 545 753 586 capreae
780 531 912 585 lupis,

58 600 200 695 guam-
222 604 338 656 turpi
365 601 532 641 Pholoe
558 608 711 662 peccet
737 599 944 639 adultero.

94 668 132 695 lc
161 670 295 695 visum
320 655 502 704 Veneri,
530 667 600 692 em
625 653 764 706 placet
789 653 971 706 impares

58 709 234 749 Formas
262 717 389 801 atqge
417 708 575 768 animos
602 705 680 745 sub
707 707 805 760 iuga
832 707 963 746 ae‘nea

356 775 464 801 aevo
496 767 664 799 mttere
696 772 792 798 cum
820 759 930 798 ioco.

62 831 202 883 Ipsum
230 843 300 868 me
325 830 477 869 melior
504 842 634 883 quum
659 835 830 880 peteret
852 827 1023 878 Venus,

61 883 192 921 Grata
224 882 400 922 detinuit
429 881 636 934 compede
664 880 840 932 Myrtale

61 936 299 986 Libertina,
336 936 458 975 fretis
485 934 624 973 acrior
651 931 836 972 Hadriae

329 987 549 1029 Curvantis
572 986 778 1026 Calabros
804 986 931 1025 sinus.

518 1112 924 1153 cinnnxxxlv.

425 1202 532 1241 AD
588 1201 618 1240 S
646 1202 685 1240 E
742 1202 1030 1246 IPSUM,

1338 663 1385 690 10

1339 930 1387 970 15

129 1289 249 1328 Dicit,
282 1299 319 1321 se
342 1292 446 1319 antea
469 1297 618 1330 parcum
640 1287 799 1320 Deorum
823 1289 1003 1321 cultorem
1018 1313 1029 1332 ,
1059 1300 1156 1326 mmo
1177 1294 1392 1327 gementia„

65 1340 200 1367 mutare
225 1344 298 1366 non
318 1334 413 1366 inani
437 1343 562 1365 eorum
585 1337 683 1364 metu
705 1335 951 1377 perterritum.

542 1421 697 1454 Men-um
725 1423 843 1455 Carm.
866 1435 901 1468 9.

65 1501 224 1540 Parcus
249 1501 445 1539 Deorum
477 1497 618 1536 cultor
645 1504 689 1536 et
712 1497 983 1554 infrequens,

66 1553 306 1592 Insanientis
334 1553 434 1592 dum
462 1550 688 1604 sapientiae
754 1557 757 1559 ‘

125 1606 348 1646 consultus
380 1618 500 1653 erro,
526 1616 636 1642 nunc
662 1612 900 1645 retrorsum

176 1660 284 1700 Vela
309 1659 434 1707 dare,
461 1665 587 1710 atque
613 1656 770 1696 iterare
793 1672 939 1699 cursus

71 1728 216 1789 Cogor
242 1728 427 1768 relictos.
454 1729 557 1765 Nam
620 1737 643 1763 e
672 1726 889 1781 Diespiter

68 1782 158 1835 lgm
185 1794 363 1822 corusco
390 1779 531 1820 nubila
590 1776 748 1818 'videns

120 1834 401 1890 Plerumque,
429 1846 509 1887 per
534 1844 689 1884 purum
715 1840 907 1874 tonantes

111 1905 114 1907 ·
176 1888 277 1940 Egit
297 1901 428 1943 equos
453 1885 756 1940 volucremque
779 1901 972 1940 currum,

117 1964 174 1990 ¹1⁰
201 1950 324 1990 bruta
349 1951 475 1991 tellus
491 1979 502 1996 s
533 1952 576 1983 et
604 1970 709 2009 vaga
736 1953 927 2002 flumina,

116 2017 171 2042 uo
200 2003 321 2056 Styx,
350 2011 393 2043 et
418 2002 539 2042 invisi
566 1996 741 2051 horrida
770 2004 947 2045 Taenari

127 2055 283 2107 Sedes,
311 2056 616 2110 Atlanteusque
643 2059 733 2100 finis

183 2109 443 2150 concutitur.
490 2109 616 2153 Valet
642 2113 724 2153 ima
750 2112 919 2153 summis
985 2159 988 2162 ,

140 2208 317 2250 XXXIII,
339 2220 376 2242 v.
402 2220 452 2242 ια.
484 2210 567 2243 Ioco
591 2212 665 2243 Fea
687 2215 724 2243 et
747 2209 854 2251 Iahn,
878 2222 985 2255 quem
1008 2212 1076 2244 vid.

1352 2017 1399 2041 10
