1526 2404
139 161 215 207 168
583 173 623 212 Q·
650 171 834 198 noun-n
860 169 1016 199 raaces

134 267 190 306 Ut
217 267 365 307 redeat
392 265 579 316 miseris,
607 264 731 304 abeat
758 265 948 304 Fortuna
978 265 1183 320 superbis.

134 319 256 360 Tibia
287 334 394 369 non,
422 326 471 358 ut
498 332 629 371 nunc,
659 317 869 358 orichalco
896 317 1058 368 iuncta,
1085 319 1300 373 tubaeque

133 374 333 423 Aemula,
364 371 441 412 sed
466 372 603 412 tenuis
632 371 894 426 simplexque
918 371 1124 412 foramine
1150 384 1286 426 pauco

132 427 364 480 Adspirare
393 434 436 466 et
465 426 613 465 adesse
643 424 792 464 Choris
815 433 906 465 erat
931 425 1066 475 utilis,
1096 433 1222 480 atque

133 481 329 520 Nondum
362 479 493 533 spissa
519 478 639 518 nimis
667 479 883 533 complere
911 479 1056 518 sedilia
1083 477 1187 518 flatu
1196 492 1209 530 3
1379 478 1458 519 205

157 534 234 573 luo
265 547 363 573 sane
390 532 573 587 populus
602 532 895 582 numerabilis,
924 540 1075 586 utpote
1101 545 1282 585 parvus,

174 595 194 634 t,
219 586 334 642 frugi
361 595 584 640 castusque
617 585 966 641 verecundusque
992 585 1143 625 coibat.

133 642 366 695 Postquam
393 641 536 693 coepit
564 653 688 694 agros
718 639 948 679 extendere
977 639 1136 690 victor,
1165 645 1210 677 et
1239 635 1368 679 urb'et

133 693 280 733 Latior
309 694 504 747 amplecti
531 706 696 742 muruS,
727 692 911 747 vinoque
940 693 1090 733 diurno

133 747 299 786 Placari
327 747 483 787 Genius
508 747 629 786 festis
655 746 825 799 impune
854 746 1027 795 diebus,
1382 754 1460 784 mo

133 800 326 839 Accessit
353 801 625 854 numerisque
653 798 875 853 modisque
902 798 1069 839 licentia
1092 798 1239 840 maior.

134 854 331 894 Indoctus
361 854 463 909 quid
493 855 602 893 enim
630 859 800 906 saperet
825 853 1021 908 liberque
1041 853 1237 893 laborum

134 908 355 957 Rusticus,
383 907 544 948 urbano
575 907 797 955 confusus,
825 907 960 968 turpis
988 905 1198 946 honesto?

137 960 208 1000 Sic
236 961 400 1014 priscae
427 969 674 1015 motumque
704 967 747 999 et
774 959 982 999 luxur1em
1012 959 1171 999 addidit
1198 957 1279 998 arti
1333 971 1336 974 ·

137 1013 334 1063 Tibicen,
362 1014 576 1069 traxitque
603 1027 735 1068 vagus
762 1027 842 1066 per
869 1013 1031 1067 pulpita
1058 1019 1245 1052 vestem:
1382 1011 1467 1052 215

138 1067 207 1107 Sic
238 1068 362 1106 etiam
389 1067 542 1107 fidibus
573 1079 703 1108 voces
730 1080 907 1107 crevere
941 1066 1123 1117 severis,
1175 1086 1178 1090 ’

136 1121 194 1160 Et
220 1121 316 1160 tulit
347 1121 563 1176 eloquium
588 1121 800 1160 insolitum
828 1120 1023 1160 facundia
1049 1131 1254 1174 praeceps
1263 1133 1278 1171 3

137 1174 399 1227 Utiliumque
428 1188 553 1227 sagax
582 1187 748 1222 rerum,
779 1181 822 1211 et
849 1173 985 1213 divina
1013 1172 1169 1222 futuri,

138 1225 361 1281 Sortilegis
389 1241 473 1267 non
502 1226 731 1279 discrepuit
762 1227 964 1264 sententia
994 1224 1183 1277 Delphis.

140 1280 334 1323 Carmine
363 1280 434 1334 qui
461 1279 623 1333 tragico
663 1279 787 1318 vilem
817 1278 995 1318 certavit
1023 1277 1078 1316 ob
1107 1277 1294 1330 hircum,
1383 1289 1463 1318 220

137 1334 238 1373 Mox
271 1334 395 1372 etiam
424 1341 612 1386 agrestes
642 1332 812 1383 Satyros
842 1331 1034 1380 nudavit,
1064 1338 1107 1369 et
1134 1345 1177 1369 as
1214 1345 1258 1370 er

141 1386 344 1426 Incolumi
373 1387 577 1440 gravitate
605 1385 744 1426 iocum
772 1385 972 1434 tentavit,
1003 1398 1054 1423 eo
1112 1397 1168 1423 uo
1229 1411 1234 1418 ι

139 1439 354 1479 Illecebris
383 1447 473 1478 erat
501 1447 543 1478 et
571 1446 690 1492 grata
717 1438 904 1477 novitate
933 1451 1079 1476 moran
1111 1451 1159 1476 us

141 1494 391 1546 Spectator,
419 1492 675 1547 functusque
703 1491 853 1540 sacris,
884 1499 926 1530 et
952 1498 1102 1543 potus,
1131 1499 1175 1530 et
1199 1489 1333 1530 exlex.

139 1548 303 1586 Verum
332 1547 388 1585 ita
414 1546 592 1596 risores,
619 1545 675 1584 ita
703 1544 999 1584 commendare
1027 1543 1189 1584 dicaces
1305 1558 1308 1563 ·
1385 1544 1464 1584 225

145 1599 380 1641 Conveniet
409 1599 605 1652 SaterS,
634 1598 691 1638 ita
718 1605 888 1638 vertere
917 1598 1025 1637 seria
1053 1598 1178 1648 ludo3

141 1655 228 1702 Ne,
259 1653 496 1707 quicunque
526 1654 665 1701 Deus,
694 1651 933 1706 quicunque
964 1651 1232 1690 adhibebitur
1251 1649 1410 1702 heros,

142 1706 294 1759 Regali
323 1714 573 1758 conspectus
601 1705 641 1743 in
671 1719 774 1744 auro
803 1718 939 1757 nuper
968 1712 1011 1743 et
1039 1712 1178 1754 ostro,

142 1761 298 1812 Migret
334 1759 375 1798 in
406 1760 605 1798 obscuras
634 1758 779 1797 humili
807 1771 1000 1797 sermone
1029 1759 1245 1806 tabernas3
1279 1779 1282 1783 ⁴
1311 1803 1316 1807 Ι

143 1814 251 1861 Aut,
281 1812 381 1851 <lum
406 1813 507 1851 vitat
534 1812 728 1860 humum,
758 1811 889 1849 nubes
919 1818 962 1849 et
989 1811 1120 1850 inania
1151 1816 1306 1863 captet·
1384 1809 1464 1850 930

144 1866 331 1910 Effutire
361 1866 476 1905 leves
509 1866 675 1918 indigna
705 1863 939 1917 Tragoedia
967 1877 1137 1914 versuS‚

144 1921 201 1963 Ut
228 1918 349 1962 festis
373 1926 560 1962 matrona
584 1918 749 1957 moveri
776 1918 884 1955 iussa
914 1916 1084 1967 diebus,

144 1973 342 2021 Intererit
371 1972 525 2024 Satyris
553 1972 722 2024 paulum
751 1969 992 2023 pudibunda
1025 1968 1250 2024 protervis.

146 2027 242 2068 Non
270 2039 351 2079 ego
381 2026 571 2070 inornata
599 2033 643 2069 et
676 2022 928 2068 dominantia
955 2023 1120 2066 nomina
1147 2021 1307 2072 solum,

146 2182 190 2189 --
213 2174 249 2193 υ.
277 2171 351 2194 209..
378 2163 502 2199 iuncta
527 2161 667 2205 plur-imi
688 2159 802 2193 Codd.
823 2166 857 2195 et
881 2163 1015 2191 veteres
1032 2156 1121 2193 Edd.
1147 2152 1215 2190 Alii
1231 2156 1361 2191 vincta.
1379 2155 1463 2191 vid,

147 2207 258 2246 antl·
287 2213 319 2238 et
343 2209 424 2239 Fen.
451 2221 491 2230 -r
517 2217 554 2237 ν.
578 2207 656 2239 208.
681 2205 784 2237 urbes
805 2206 878 2236 Fna
904 2214 922 2235 c
948 2201 1106 2248 plurimis
1129 2200 1242 2233 Codd.
1271 2201 1373 2243 Vulg.
1400 2212 1463 2232 ur·-

148 2253 231 2290 bcm.
257 2250 314 2292 Cs.
342 2252 440 2290 lalm.
465 2271 509 2281 ψ-
531 2262 567 2288 v.
594 2261 671 2298 209,
696 2251 816 2285 laxior
831 2249 945 2285 Bentl.
971 2246 1251 2284 coniectur21Cf·
1266 2245 1463 2282 Hocheder.
