1526 2404
146 142 191 170 ιε
586 143 629 183 ρ.
659 141 842 169 norm-ru
868 141 1024 168 πωροι

140 219 240 259 Sive
268 227 315 259 tu
341 220 495 269 mavis,
524 219 703 272 Erycina
735 218 898 268 ridens,

140 273 279 365 guam
306 275 435 313 Jocus
464 272 738 312 circumvolat
767 280 810 311 et
839 271 1028 325 Cupid03

171 326 239 366 ive
267 327 506 381 neglectum
537 340 669 380 genus
699 333 742 364 et
767 333 947 378 nepotes
1045 342 1051 354 ·
1415 330 1469 371 35

402 376 594 433 Respicis
620 387 769 418 auctor

137 454 261 494 Heu!
290 454 410 494 nimis
435 453 564 508 longo
594 455 739 494 satiate
766 454 891 505 ludo,

140 508 281 570 Quem
308 508 424 560 juvat
451 507 609 547 clamor
637 508 868 562 galeaeque
897 509 1036 562 leves,

136 562 251 601 Acer
279 570 322 601 et
349 561 483 600 Mauri
509 560 662 614 peditis
695 570 917 602 cruentum

399 614 553 656 Vultus
578 614 619 653 in
646 614 836 667 hostem3
1408 625 1468 668 ἠο

138 677 238 718 Sive
265 686 421 717 mutata
450 679 646 731 juvenem
674 678 808 734 figura

136 732 238 771 Ales
267 732 308 770 in
335 732 459 771 terris
484 733 678 783 imitaris,
699 734 832 774 almae

136 785 267 824 Filius
297 786 450 832 Maiae,
483 786 643 838 patiens
672 788 814 827 vocari

403 839 591 879 Caesaris
619 839 755 880 ultor:

136 901 266 940 Serus
293 901 334 940 in
362 904 528 943 coelum
555 905 728 955 redeas,
750 906 912 962 diuque
1154 908 1158 912 ’
1391 913 1467 961 ,45

136 955 292 993 Laetus
320 955 485 996 intersis
514 959 675 1012 populo
706 960 894 1021 Quirini,

135 1008 254 1047 Neve
280 1015 324 1047 te
348 1012 500 1050 nostris
532 1012 639 1051 vitiis
668 1012 857 1068 iniquum

404 1063 537 1103 Ocior
571 1078 671 1103 aura

137 1126 289 1166 Tollat.
343 1128 424 1167 Hie
451 1143 623 1182 magnos
655 1129 795 1181 potius
828 1130 1085 1185 triumphos,

135 1180 216 1219 Hic
245 1193 357 1219 ames
389 1181 470 1220 (liei
497 1183 627 1221 Pater
653 1189 778 1236 atque
808 1183 1037 1240 Princeps,
1413 1189 1466 1230 50

139 1235 233 1273 Neu
261 1234 368 1272 sinas
395 1235 543 1274 Medos
573 1235 762 1290 equitare
789 1235 965 1291 inultos,

399 1289 463 1327 Te
491 1288 622 1340 duce,
652 1289 817 1330 Caesar.

662 1417 848 1457 Cimmmv
877 1419 942 1458 111.

586 1505 666 1546 AD
706 1507 1010 1550 VIRGILIUM.

206 1595 356 1638 Virgilio
380 1594 533 1628 Athenas
557 1596 801 1640 proficiscenti
825 1598 974 1631 faustam
999 1601 1258 1644 navigationem
1280 1603 1461 1645 precatur.

136 1685 290 1719 Alea-um
305 1684 567 1731 Asclepiadeum
587 1686 799 1727 secundum,
821 1689 858 1720 in
880 1700 952 1734 quo
965 1692 1099 1734 primus
1116 1702 1240 1724 versas·
1251 1690 1461 1734 Glycoiaeus,

479 1731 568 1764 alter·
592 1732 842 1766 choriambiczoe
868 1735 1123 1781 Asclepiacleus.

137 1806 206 1845 Sic
236 1814 280 1846 te
308 1807 417 1846 Diva
445 1817 592 1862 potens
624 1810 772 1863 Cypri,
814 1845 817 1847 .

188 1859 256 1899 Sic
285 1859 439 1900 fratres
467 1862 681 1914 Helenae,
708 1862 846 1903 lucida
873 1863 1037 1916 sidera,

135 1912 457 1975 Ventorumque
484 1924 605 1970 regat
629 1925 775 1970 pater,

189 1965 414 2006 Obstricns
442 1969 529 2009 aliis
556 1978 728 2024 praeter
756 1971 930 2026 Iapyga,

202 2122 237 2143 v.
255 2112 309 2154 39.
334 2111 388 2144 Ita
410 2116 546 2144 tantum
573 2122 645 2143 non
671 2121 792 2143 omnes
812 2110 927 2144 codd.
956 2118 992 2145 et
1016 2111 1105 2145 Edd.
1131 2118 1215 2145 vett.
1240 2111 1311 2145 Sed
1331 2122 1457 2146 recen-

133 2156 244 2188 tiores
269 2157 442 2200 plurimae
467 2157 583 2189 Alam-i
605 2168 647 2189 ex
673 2157 881 2189 coniectura
910 2159 1015 2190 Fabri
1050 2158 1211 2191 Bentleio
1236 2158 1402 2202 probata.

202 2201 264 2233 111.
289 2213 324 2234 v.
350 2201 381 2244 4.
411 2202 598 2236 obstructis
624 2202 713 2236 Cod.
738 2201 869 2235 Bersm.
896 2204 985 2237 Cod.
1012 2203 1192 2236 vandei-b.
