1526 2404
452 169 682 196 csnnmun
710 169 798 195 Lm.
823 155 883 205 11,
920 169 977 195 ιο.
1326 155 1379 207 59

54 267 121 304 Τιι
147 277 319 318 semper
345 275 474 316 urges
502 261 712 302 flebilibus
737 261 873 301 modis

54 319 216 371 Mysten
244 317 476 365 ademtam:
506 329 582 355 nec
612 315 687 355 tibi
715 316 909 368 Vespero
1333 325 1380 352 ιο

108 371 317 424 Surgente
346 369 557 408 decedunt
585 382 771 417 amores,

154 425 243 463 Nec
268 423 460 476 rapidum
487 422 678 475 fugiente
706 421 862 461 Solem.

56 500 114 540 At
140 513 225 539 non
251 508 319 540 ter
347 511 451 537 aevo
482 496 650 536 functus
677 494 898 535 amabilem
940 501 954 514 ¹

53 553 244 593 Ploravit
272 565 415 592 omnes
445 549 713 589 Antilochum
740 562 869 588 senex

110 605 275 645 Annos:
303 619 381 645 nec
410 603 623 656 impubem
652 610 848 656 parentes
1337 599 1384 639 15

160 659 361 707 Troilon,
389 665 461 697 aut
486 656 697 710 Phrygiae
721 653 892 695 sorores

57 733 95 772 F
96 733 243 774 levere
273 747 455 786 semper.
504 732 661 772 Desine
688 730 876 770 mollium

8 796 18 807 ⁸
60 787 247 827 Tandem
276 787 567 841 querelarum3
598 792 641 824 et
667 784 806 838 potius
836 796 977 837 nova*

114 841 336 880 Cantemus
364 839 544 894 Augusti
569 847 744 891 tropaea

168 893 378 942 Caesaris,
408 902 451 933 ct
476 892 657 947 rigidum
683 888 914 944 Niphaten,
1335 900 1388 927 20

63 969 318 1023 Medumque
344 966 525 1015 flumen,
552 964 745 1021 gentibus
774 963 962 1004 additum
1032 1000 1038 1013 ,

65 1023 220 1071 Victis,
246 1022 428 1060 minores
458 1021 632 1059 volvere
659 1017 864 1068 vertices3

117 1077 313 1130 Intraque
339 1073 644 1127 praescriptum
673 1071 860 1110 Gelonos

119 1133 121 1135 ’
168 1128 342 1183 Exiguis
370 1127 559 1182 equitare
587 1125 757 1178 campis.

448 1296 451 1301 f
594 1251 862 1291 CAmnmX.

469 1339 566 1385 AD
609 1339 984 1379 LICINIUM.

109 1427 398 1461 Mediocritatem
422 1427 456 1459 ei
480 1426 516 1458 in
535 1431 684 1471 utraque
709 1425 853 1457 fortuna
876 1419 1086 1455 servandam
1109 1422 1348 1456 commendat.

525 1516 679 1548 Metram
704 1513 732 1545 S
732 1512 927 1559 apphicum.

70 1595 244 1634 Rectius
275 1594 415 1643 vives,
444 1593 599 1644 Licini,
626 1607 766 1648 neque
796 1593 925 1631 altum

72 1649 250 1701 Semper
277 1647 492 1701 urgendO,
520 1661 680 1702 neque,
711 1646 811 1685 dum
837 1643 1061 1698 procellas

74 1702 230 1741 Cautus
260 1700 495 1747 horrescis,
523 1700 694 1738 nimium
719 1699 951 1753 premendo

323 1755 454 1793 'Litus
480 1753 678 1808 iniquum.
724 1790 732 1796 κ

76 1830 258 1869 Auream
288 1829 473 1884 quisquis
502 1829 835 1868 mediocritatem
1047 1869 1061 1877 f
1373 1823 1400 1862 5

76 1883 247 1935 Diligit,
273 1890 388 1921 tutus
417 1890 534 1921 caret
561 1881 744 1921 obsoleti

78 1935 271 1975 Sortibus
297 1936 420 1983 tecti,
457 1943 571 1974 caret
598 1934 821 1976 invidenda

342 1988 516 2028 Sobrius
547 1988 652 2026 aula.

82 2090 162 2122 tices
187 2088 302 2122 Codd.
331 2089 426 2122 Feae
452 2063 668 2132 plurimique
692 2089 752 2121 alii
777 2093 814 2121 et
844 2085 933 2119 Edd.
958 2090 1042 2118 vett.
1077 2084 1148 2118 Alii
1172 2083 1328 2116 vortices.
1353 2079 1401 2116 V.

80 2134 262 2167 Vanderb.
288 2135 360 2166 Fea
384 2140 420 2167 et
445 2133 552 2165 Both.

123 2180 176 2219 X,
203 2191 233 2211 ν.
249 2181 280 2212 3.
305 2178 508 2212 Wakefield
530 2183 610 2222 post
625 2178 766 2210 m'mz'um
782 2177 908 2211 incidit
925 2187 1007 2210 cum
1027 2173 1322 2209 antecedentibus
1337 2169 1403 2202 hac

84 2225 219 2256 ratione
244 2223 538 2267 coniungendum.
565 2222 619 2255 Cf.
636 2224 724 2256 Fezu
