1526 2404
140 179 213 219 118
583 193 623 232 q.
653 192 835 218 Horu-ru
864 191 1019 219 FLAcci

130 286 186 326 Et
215 282 380 327 cehtum
406 299 515 340 puer
544 286 717 335 artium,
1407 291 1455 331 15

180 341 285 379 Late
314 340 430 393 signa
457 340 570 380 feret
597 340 767 381 militiae
794 348 893 381 tuae
902 355 915 393 ;

129 391 185 432 Et
213 394 466 448 quandoque
493 395 709 446 potentior

179 447 326 501 Largis
354 447 596 487 muneribus
623 448 770 496 riserit?
791 447 964 499 aemuli,

127 498 310 540 Albanos
339 514 475 554 prope
506 509 550 540 te
577 501 691 540 l-acus
752 506 758 508 “
926 497 937 507 ’

179 554 317 598 Ronet
344 568 644 605 marmoream,
673 554 751 594 sub
779 554 899 595 trabe
929 556 1092 611 Cypria.
1401 571 1453 599 20

127 607 216 647 Illic
244 607 423 660 plurima
454 608 621 648 naribus

177 662 319 700 Duces
347 661 495 709 thura,
525 661 724 718 lyraeque
754 670 797 702 et
822 663 1102 715 Berecyntiae

129 714 415 754 Delectabere
442 714 569 755 tibiae

176 767 313 808 Mixtis
339 768 612 821 carminibus,
638 783 723 809 non
750 768 839 808 sine
867 767 1016 809 fistula.

123 820 211 860 Illic
232 821 295 860 bis
322 821 446 875 pueri
473 822 540 862 die
1398 824 1451 865 25

175 876 338 914 Numen
367 888 461 914 cum
489 877 645 916 teneris
676 875 904 930 virginibus
930 885 1050 917 tuum
1287 919 1290 921 ,
1353 909 1355 912 ⁴

122 928 383 978 Laudantes‚
411 929 522 981 pede
552 930 728 969 candido

173 983 219 1021 In
243 995 405 1021 morem
432 982 589 1022 Salium
614 992 682 1023 ter
710 983 897 1038 quatient
923 983 1108 1024 humum.

120 1036 190 1075 Me
218 1048 296 1074 nec
323 1034 507 1085 femina,
538 1050 615 1076 nec
644 1050 752 1090 puer

175 1089 281 1137 Iam,
309 1101 387 1127 nec
418 1102 513 1141 spes
544 1090 667 1129 animi
695 1088 866 1146 credula
893 1090 1049 1142 mutui,
1392 1091 1447 1132 3ο

121 1142 209 1180 Nec
238 1149 402 1180 certare
433 1142 548 1182 iuvat
576 1156 718 1193 merc,
821 1178 825 1183 ,

171 1196 259 1233 Nec
287 1194 445 1233 vincire
474 1196 594 1234 novis
622 1203 815 1249 tempora
844 1194 1032 1234 floribus.
1059 1218 1113 1225 —

120 1246 206 1287 Sed
235 1260 332 1297 cur,
360 1246 467 1298 heu,
493 1247 715 1302 Ligurine,
745 1262 820 1288 cur

171 1301 308 1339 Manat
334 1314 428 1339 rara
455 1315 568 1341 meas
597 1302 765 1340 lacrima
793 1315 872 1355 per
901 1299 1061 1356 genas?

121 1353 208 1393 Cur
236 1353 418 1393 facunda
447 1369 594 1408 parum
624 1354 781 1396 decoro
1389 1357 1443 1399 35

170 1408 284 1446 Inter
313 1407 442 1446 verba
470 1409 580 1448 cadit
607 1408 747 1461 lingua
775 1406 975 1448 silentio?

115 1460 338 1500 Nocturnis
364 1468 407 1499 te
437 1475 516 1515 ego
555 1462 722 1501 somniis

169 1514 253 1552 Iam
283 1521 450 1566 captum
477 1523 604 1554 teneo
624 1545 634 1564 .,
663 1515 743 1555 iarn
770 1516 989 1557 volucrem
1020 1527 1177 1570 sequor

117 1567 180 1606 Te
208 1580 286 1620 per
315 1568 498 1620 gramina
525 1568 663 1607 Martii
1447 1608 1449 1611 .

170 1620 336 1674 Campi,
364 1628 406 1660 te
436 1634 516 1675 per
543 1635 692 1677 aquas,
720 1622 846 1674 dure,
877 1622 1083 1663 volubilis.
1268 1667 1272 1671 ,
1383 1628 1435 1672 40

159 1792 195 1814 v.
221 1781 271 1814 18.
296 1781 443 1824 Aliquot
468 1781 583 1815 Codd.
608 1782 699 1826 apud
725 1781 838 1813 Benu.
866 1786 901 1813 et
919 1782 1027 1814 Feam
1041 1782 1154 1825 ltu-gi,
1181 1780 1276 1824 quod
1295 1782 1436 1825 recepit

115 1823 230 1857 Bentl.
262 1844 308 1853 —
340 1839 375 1859 v.
401 1837 454 1861 20.
491 1828 587 1860 Haud
624 1829 726 1871 pauci
762 1826 876 1858 Codd.
913 1827 1010 1859 trabe
1051 1829 1181 1866 citt-ea,
1216 1824 1278 1859 sed
1313 1827 1434 1870 plures

116 1870 247 1914 Cypria
273 1870 355 1904 Vid.
378 1872 619 1905 Mitscherlich
645 1879 679 1905 ct
703 1874 784 1904 Fva.
820 1890 865 1895 —
898 1884 926 1904 ν.
954 1884 1006 1905 22.
1035 1873 1148 1906 Codd.
1171 1872 1303 1915 aliquo}
1323 1872 1432 1916 ,ἐγ-να,

114 1915 341 1959 Berecyntia,
366 1917 447 1949 tibin
473 1919 570 1961 quud
596 1919 763 1960 praetulit
790 1917 821 1949 B
839 1918 909 1949 -ntL
938 1930 1041 1961 quem
1068 1917 1148 1951 Vid.
1173 1935 1219 1941 —-
1245 1928 1272 1949 ν.
1299 1919 1352 1959 37.
1380 1917 1434 1948 lta

114 1960 275 1993 Lainbin.
298 1963 463 1995 Turrem.
487 1964 566 2006 alii,
587 1964 740 2009 itemque
761 1964 884 2008 plures
897 1961 1008 2000 Vand.
1027 1963 1142 1997 Codd.
1168 1962 1303 2005 Reliqui
1328 1962 1432 1994 omit-

113 2011 192 2039 tunt
217 2015 258 2039 te.
285 2006 339 2039 Cf.
364 2007 477 2042 Bentl.
