1526 2404
461 123 699 163 Caunum
723 134 808 160 nm.
835 121 877 172 1,
900 121 968 162 31.

544 275 733 315 cinuu
760 273 910 313 xxxl.

448 365 538 404 AD
591 358 1003 404 APOLLINEM.

132 457 265 490 Preces
279 453 327 490 ad
338 455 543 500 Apollinem
554 477 566 495 ,
591 453 718 497 quihus
737 452 849 498 poeta
865 452 916 484 nil
929 454 1076 496 praeter
1093 452 1252 483 mentem
1270 457 1392 480 tanam

66 504 102 536 in
126 511 283 548 corpore
307 511 393 534 sano
416 500 484 533 nihi
509 504 669 544 exoptat.

548 589 702 622 Metram
726 587 842 620 Carra.
865 596 901 630 9.

67 669 183 768 guid
210 669 448 711 dedicatum
466 669 605 725 poscit
621 667 860 722 Apollinem

98 723 231 763 ates?
259 723 362 778 quid
388 732 503 773 orat,
530 722 584 762 de
641 729 757 762 atera
781 732 938 760 novum

121 775 319 816 Fundens
347 774 586 831 liquorem?
654 788 710 814 on
738 773 902 827 opimae

175 828 389 869 Sardiniae
417 838 586 884 segetes
614 826 806 877 feraces;
863 867 874 875 ,
911 830 914 831 ’
947 834 968 839 “

69 908 163 947 Non
189 913 409 946 aestuosae
436 915 557 961 grata
580 905 796 947 Calabriae

71 961 294 1010 Armenta5
321 973 406 999 non
433 973 581 1007 aurum
594 990 606 1010 ,
634 967 706 999 aut
733 957 840 998 ebur
866 954 1054 995 Indicum
1061 968 1077 1006 ;

122 1013 217 1051 Non
241 1027 365 1063 rura,
393 1027 501 1068 quae
527 1013 635 1052 Liris
662 1011 803 1067 quieta

175 1065 344 1105 Mordet
369 1079 498 1121 aqua,
524 1066 752 1105 taciturnus
780 1062 921 1102 amnis.

73 1144 273 1185 Premant
299 1144 454 1186 Calena
478 1145 614 1197 falce,
641 1143 792 1200 quibus
818 1141 936 1181 dedit

72 1197 283 1246 Fortuna,
312 1198 463 1250 vitem3
491 1200 609 1240 dives
638 1206 683 1238 et
708 1195 846 1236 aureis

122 1250 336 1289 Mercator
367 1254 551 1293 exsiccet
578 1250 745 1292 culullis

178 1302 286 1344 Vina
312 1303 416 1358 Syra
442 1313 635 1362 reparata
659 1315 828 1353 merce,

69 1383 151 1421 Dis
178 1395 297 1422 carus
322 1382 443 1436 ipsis3
471 1383 630 1437 quippe
655 1391 724 1422 ter
750 1390 795 1422 et
820 1388 972 1436 quater

74 1435 195 1474 Anno
218 1435 405 1475 revisens
433 1449 593 1490 aequor
612 1435 871 1475 Atlanticum

107 1489 314 1542 XImpnne.
361 1490 431 1528 Me
456 1496 628 1542 pascant
656 1489 816 1537 olivae,

179 1542 249 1580 Me
277 1541 496 1592 cichorea,
523 1542 727 1596 levesque
752 1540 928 1581 malvae.

78 1619 183 1660 Frui
208 1621 363 1674 paratis
391 1627 434 1658 et
464 1618 600 1659 valido
628 1616 752 1669 mihi,

77 1675 234 1723 Latoe‘,
262 1674 419 1722 dones,
447 1679 514 1722 et,
541 1685 721 1725 precor,
748 1671 915 1725 integra

132 1727 239 1765 Cum
265 1734 430 1775 mente3
459 1737 537 1764 nec
562 1733 731 1778 turpem
759 1734 971 1765 senectam

185 1779 381 1833 Degere,
408 1790 487 1818 nec
517 1777 674 1817 cithara
701 1786 927 1818 carentem.

1352 1207 1401 1233 10

1351 1787 1403 1814 20

149 1954 290 1994 XXXI,
311 1966 348 1986 v.
365 1954 396 1986 3.
423 1952 481 1985 Sic
499 1949 616 1985 codd.
635 1957 771 1984 tantum
785 1963 857 1984 non
874 1962 1007 1985 omnes.
1029 1951 1100 1985 Sed
1116 1951 1288 1995 plurimae
1310 1949 1400 1982 Edd.

81 2011 103 2030 ο
126 1999 214 2030 imm
247 1997 432 2031 Sardiniae
461 2005 590 2041 segetes
609 1995 760 2041 feracis.
782 1998 863 2029 vid.
889 1999 972 2029 Fea.
1008 2014 1054 2021 —
1091 2009 1127 2029 v.
1158 2006 1210 2031 ιο.
1241 1997 1355 2029 Bentl.
1381 2005 1402 2027 e

117 2043 202 2076 odd.
225 2045 297 2076 mis
323 2052 364 2077 ut
385 2053 454 2088 pro
479 2050 533 2083 et,·
554 2042 710 2086 itemque
734 2047 887 2086 quatuor
909 2042 1090 2076 Vanderb.
