1526 2404
468 183 725 212 Eris-ronan.
754 182 842 211 Lm.
871 170 914 221 1,
942 169 1005 217 ³8-
1329 170 1403 220 ιζῆ

81 281 194 329 Intra
217 291 501 322 marmoreum
528 276 758 318 venerandi
782 276 910 317 limen
937 273 1079 326 amici3

82 336 148 375 Ne
176 334 368 375 dominus
393 332 518 386 pueri
545 330 714 385 pulchri
742 343 918 371 caraeve
943 329 1113 384 puellae

82 389 260 428 Munere
285 396 329 428 te
356 398 489 440 parvo
517 383 641 434 beet,
670 392 741 424 aut
765 383 1052 424 incommodus
1079 386 1214 442 angat.
1318 383 1324 391 “
1348 378 1402 431 75

129 441 268 481 nalem
290 437 574 488 commendes,
601 437 725 483 etiam
743 445 869 492 atque
889 437 1014 477 etiam
1032 435 1214 489 adspice3
1234 446 1287 473 ne
1304 446 1405 472 mox

84 494 290 534 Incutiant
315 493 450 532 aliena
475 491 551 531 fibi
577 499 749 545 peccata
803 489 995 530 udorem.
1349 503 1355 509 ·

83 547 311 596 Fallimur,
339 553 383 585 et
410 543 621 599 quondam
647 558 731 584 non
759 505 930 597 dignum
956 542 1179 583 tradimus:
1218 552 1323 592 ergo

88 599 230 658 Quem
257 613 332 638 sua
360 598 483 651 culpa
507 605 695 650 premet,
724 596 937 650 deceptus*
956 597 1102 637 omitte
1139 593 1273 645 tueri3

84 655 142 694 Ut
168 652 334 707 penitus
360 659 506 690 notum
521 680 532 700 ‚
559 650 596 690 si
621 658 784 690 tentent
811 649 1002 699 crimina,
1028 660 1198 698 serveS,
1351 644 1407 684 80

87 705 257 746 'ruteris
287 718 343 744 ue
369 712 444 743 tuo
472 702 670 743 fidentem
696 703 930 756 praesidio:
958 702 1032 758 qui

86 761 228 799 Dente
250 760 286 797 T
318 757 469 797 eonino
499 771 628 812 quum
655 756 999 805 circumroditur,
1025 752 1179 834 empiid

87 812 160 852 Ad
185 819 229 851 te
255 818 352 864 post
379 810 505 864 paulo
540 818 714 849 ventura
738 810 927 863 pericula
953 808 1080 849 sentis
1094 812 1108 847 ¹.

88 867 195 904 Nam
221 871 295 903 tua
320 877 390 903 res
418 863 575 917 agitur,
603 863 741 916 paries
769 877 898 917 quum
926 861 1140 915 proximus
1168 862 1310 915 ardet3

87 919 146 957 Et
171 917 365 971 neglecta
391 916 529 956 solent
553 915 744 956 incendia
765 929 930 955 sumere
968 915 1095 954 vires.
1353 915 1410 956 85

87 969 237 1010 Dulcis
262 970 491 1022 inexpertis
521 969 684 1008 cultura
709 969 892 1022 potentis
921 968 1066 1018 amici,

89 1025 301 1077 Expertus
327 1025 489 1062 metuit.
544 1024 611 1061 Tu
631 1052 643 1072 ,
671 1021 772 1060 dum
798 1031 870 1060 tua
896 1021 1009 1060 navis
1040 1021 1080 1060 in
1109 1020 1194 1060 alto
1242 1029 1328 1072 est,

88 1079 186 1116 Hoc
209 1089 311 1130 age,
347 1089 402 1115 ne
429 1082 587 1114 mutata
612 1083 847 1115 retrorsum
887 1082 931 1114 te
958 1074 1070 1114 ferat
1105 1087 1218 1113 aura.

91 1129 288 1170 Oderunt
313 1127 491 1168 hilarem
515 1127 679 1178 tristes,
705 1128 954 1183 tristemque
980 1127 1135 1177 iocosi3

92 1181 292 1223 Sedatum
320 1182 503 1231 celeres,
532 1181 684 1242 agilem
712 1195 888 1235 gnavum
922 1195 976 1230 ue
1009 1179 1199 1232 remissi3
1358 1191 1410 1234 90

89 1237 271 1276 Potores
299 1233 433 1273 bibuli
460 1234 596 1274 medla
624 1234 678 1273 de
705 1242 828 1274 nocte
853 1235 888 1272 F
932 1234 1041 1284 erni]
1287 1235 1299 1246 ⁸

92 1288 294 1329 Oderunt
312 1295 512 1341 porrecta
537 1295 760 1341 negantem
786 1288 964 1341 pocula,
993 1287 1182 1343 quamvis

90 1343 330 1382 Nocturnos
358 1340 471 1379 iures
501 1348 544 1380 te
571 1340 801 1380 formidare
834 1354 1024 1393 vapores.

75 1396 229 1434 >Deme
258 1394 483 1447 supercilio
510 1393 686 1432 nubem:
713 1394 962 1448 plerumque
987 1395 1204 1434 modestus

95 1447 292 1499 Occupat
318 1446 490 1486 obscuri
515 1447 724 1500 speciem,
768 1448 997 1487 taciturnus
1026 1448 1178 1488 acerbi.
1360 1446 1414 1500 95

94 1496 208 1539 luter
237 1507 383 1539 cuncta
408 1500 525 1552 leges
556 1499 932 1552 et.pe1·contal)e1·e
961 1501 1133 1553 doctos,

97 1553 193 1610 Qua
220 1551 381 1591 ratione
411 1566 537 1605 queas
565 1552 789 1613 traducere
816 1554 967 1592 leniter
1010 1568 1189 1607 aevum,

95 1609 159 1645 Ne
191 1613 234 1644 te
267 1618 437 1657 semper
468 1605 587 1657 inops
621 1613 749 1658 agitet
780 1615 994 1660 vexetque
1027 1609 1208 1661 cupido,

96 1661 161 1699 Ne
188 1670 345 1710 pavor,
373 1665 416 1696 et
443 1671 583 1696 rerum
614 1657 884 1696 mediocriter
912 1659 1073 1699 utilium
1102 1675 1221 1715 spes3

99 1712 314 1750 Virtutem
346 1709 534 1748 doctrina
560 1718 694 1763 paret,
725 1718 923 1751 naturane
950 1712 1077 1752 donet
1087 1729 1099 1766 3
1346 1725 1419 1751 100

103 1763 218 1822 Quid
245 1762 400 1801 minuat
428 1776 546 1802 curas
566 1793 577 1811 ,
627 1763 727 1816 quid
754 1771 797 1802 te
827 1763 902 1802 tibi
928 1765 1077 1804 reddat
1106 1767 1280 1806 amicum
1302 1781 1314 1817 3

104 1815 220 1878 Quid
245 1829 352 1869 pure
379 1816 642 1870 tranquillet,
670 1815 826 1865 honos,
857 1830 908 1855 an
936 1817 1058 1858 dulce
1085 1820 1284 1859 lucellum
1302 1849 1316 1871 ,

102 1872 170 1911 An
198 1876 409 1909 secretum
435 1869 541 1917 iter,
584 1876 626 1907 et
652 1867 830 1908 fallentis
858 1870 1003 1910 semita
1032 1873 1151 1912 vitae.

104 1925 174 1963 Me
203 1921 370 1978 quoties
399 1920 534 1960 reficit
563 1921 727 1974 gelidus
757 1921 950 1974 Digentia
977 1925 1117 1975 rivus,

107 1977 248 2034 Quem
273 1975 464 2015 Mandela
490 1974 619 2026 bibit,
649 1988 827 2028 rugosus
854 1974 1017 2030 frigore
1043 1992 1197 2033 pagus,
1344 1977 1424 2018 105

108 2152 154 2159 —
172 2145 211 2168 v.
243 2135 299 2169 80.
328 2136 375 2166 At
403 2133 548 2175 penitus
578 2133 689 2167 Bentl.
726 2135 948 2179 coniectum
985 2138 1036 2170 Ac
1067 2138 1216 2181 Cuning.
1241 2139 1295 2171 Cf.
1326 2139 1425 2171 Iahn-

108 2195 156 2205 -
173 2190 211 2211 v.
234 2189 291 2222 9¹·
316 2179 494 2212 Bentleius
518 2177 653 2223 liquidi
674 2190 739 2224 pro
765 2181 879 2214 bibuli
899 2193 918 2213 e
944 2183 1058 2215 Codd.
1074 2184 1227 2217 Fabricii
1242 2190 1277 2218 et
1292 2196 1334 2218 ex
1355 2195 1425 2217 uno

113 2235 178 2257 suo
201 2223 338 2258 Codice
358 2224 436 2256 luce
459 2234 526 2268 pro
550 2231 664 2257 nocte.
690 2225 744 2257 Cf.
769 2225 907 2261 Gesner
926 2231 962 2260 et
986 2227 1067 2261 Fea.
