1526 2404
462 191 720 220 zrrswomn.
747 193 835 221 mn.
861 180 904 233 1,
935 193 1000 223 20.
1324 189 1394 234 ¹4¹

80 285 212 383 guod
237 285 274 328 si
300 301 386 329 non
412 286 512 328 odio
542 286 755 340 peccantis
786 287 939 342 desipit
968 304 1126 344 augur,

119 348 215 389 arus
247 341 331 380 eris
361 341 546 390 Romae,
578 340 713 380 donec
743 349 788 380 te
821 341 988 382 deserat
1018 351 1145 384 aetas.
1350 356 1399 384 ιο

81 396 375 435 Contrectatus
408 394 482 432 ubi
511 393 699 433 manibus
731 394 979 436 sordescere
1010 396 1127 451 vulgi

81 447 309 502 Coeperis,
341 454 413 486 aut
442 446 574 485 tineas
604 460 750 500 pasces
780 447 1008 489 taciturnus
1040 449 1219 502 inertes,

78 502 168 541 Aut
196 499 335 554 fugies
362 500 548 549 Uticam,
581 506 653 538 aut
678 501 841 541 vinctus
875 502 1053 542 mitteris
1084 503 1276 544 Ilerdam.

77 552 254 594 Ridebit
284 552 469 592 monitor
499 566 584 592 non
615 553 854 604 exauditus3
880 562 930 593 ut
955 555 1049 605 ille,

79 606 166 660 Qui
195 605 303 646 male
333 613 554 658 parentem
584 605 626 644 in
656 620 785 659 rupes
816 608 1023 660 protrusit
1049 609 1224 648 asellum
1350 610 1400 651 15

77 660 235 699 Iratus:
268 659 361 713 quis
395 658 503 698 enim
533 658 708 699 invitum
738 672 909 700 servare
936 661 1135 701 laboret?
1219 662 1223 667 ’

77 715 179 753 Hoc
211 725 384 766 quoque
414 719 459 750 te
489 719 648 761 manet,
678 720 728 751 ut
752 726 910 766 pueros
939 714 1145 754 elementa
1176 715 1399 756 docentem

79 766 279 819 Occupet
309 764 505 804 extremis
533 764 709 805 in-vicis
740 765 863 805 balba
892 775 1100 806 senectus.

80 819 223 870 Quum
251 817 330 858 tibi
360 817 425 857 sol
454 817 620 870 tepidus
637 832 639 837 ·
651 818 796 871 plures
829 819 1064 859 admoverit
1094 834 1241 873 aures,
1288 862 1293 877 ἦ

77 874 147 911 Me
178 870 375 911 libertino
406 877 549 909 natum
574 879 719 923 patre,
752 879 795 912 et
825 872 867 910 in
892 873 1008 911 tenui
1032 887 1081 913 re
1346 886 1400 914 20

77 924 258 963 Maiores
283 937 437 977 pennas
464 923 562 963 nido
594 925 828 965 extendisse
855 925 1069 979 loqueris,
1149 928 1152 930 ’

78 977 158 1027 Ut,
190 985 390 1031 quantum
420 976 566 1029 generi
597 976 761 1027 demas,
792 978 1020 1018 virtutibus
1050 979 1199 1031 addas3

66 1031 148 1070 ‘Me
175 1029 319 1083 primis
351 1029 475 1068 Urbis
507 1028 608 1080 b‘elli
636 1031 842 1083 placuisse
875 1031 1097 1085 domique,

80 1082 284 1136 Corporis
310 1082 470 1136 exigui,
501 1096 771 1134 praecanum‚
805 1083 962 1124 solibus
995 1093 1161 1138 aptum,

77 1136 205 1175 Irasci
235 1134 440 1185 celerem,
467 1143 607 1174 tamen
636 1145 686 1176 ut
712 1137 926 1190 placabilis
956 1150 1103 1177 essem.
1346 1139 1404 1181 25.

76 1188 211 1229 Forte
241 1202 382 1237 meum
412 1188 447 1227 si
478 1187 572 1242 quis
599 1196 643 1228 te
670 1189 993 1243 percontabitur
1019 1205 1189 1241 aevum,

76 1242 147 1281 Me
177 1249 328 1296 quater
352 1241 540 1280 undenos
572 1242 675 1282 sciat
706 1243 944 1297 implevisse
976 1243 1262 1297 Decembres,

77 1294 296 1349 Collegam
323 1294 534 1347 Lepidum
565 1309 650 1349 quo
680 1296 797 1336 duxit
825 1296 984 1335 Lollius
1011 1311 1133 1338 anno.

76 1451 124 1460 -
146 1444 186 1465 v.
214 1442 267 1466 ιο.
290 1431 420 1467 deserit
442 1434 557 1467 Codd.
581 1435 675 1467 Feae
699 1439 734 1466 et
755 1434 889 1466 Valart.
916 1435 1045 1478 plures,
1057 1435 1276 1479 antiquiores
1306 1434 1397 1468 Edd.

76 1479 190 1511 Bentl.
213 1475 347 1509 deseret
370 1479 487 1511 Codd.
510 1481 602 1512 Feae
627 1485 661 1511 et
684 1479 818 1511 Valart.
839 1479 902 1511 Ed.
914 1479 1062 1512 Mediol.
1092 1481 1190 1523 ¹477·
1213 1499 1259 1504 —
1282 1490 1319 1511 v.
1345 1482 1397 1514 13.

78 1530 211 1555 unctus
235 1523 383 1556 mitteris
406 1525 580 1567 plurimae
605 1525 691 1556 olim
713 1524 916 1562 Editiones;
953 1524 1016 1556 sed
1050 1525 1165 1557 Codd.
1188 1527 1397 1569 plerumque

78 1569 232 1600 vinctus.
256 1567 339 1599 Vid.
364 1569 477 1600 Bentl.
502 1563 539 1601 ef
559 1570 641 1601 Fea.
662 1587 707 1594 --
730 1580 769 1600 v.
802 1570 852 1601 15.
877 1569 1031 1601 detrusit
1053 1570 1118 1602 Ed.
1143 1570 1309 1602 Glarean.
1341 1571 1397 1604 Cf,

77 1613 158 1646 Fea.
181 1631 227 1640 -—
247 1621 287 1644 v.
313 1622 366 1656 ¹9·
386 1624 503 1646 annos
521 1624 589 1659 pro
613 1625 720 1646 aures
745 1613 861 1646 Codd.
888 1615 1022 1658 aliquot
1046 1615 1188 1649 Combii
1211 1621 1248 1648 et
1268 1616 1297 1648 F
1300 1625 1373 1647 eae.
