1526 2404
504 152 758 183 nris-romu.
782 151 871 179 nm.
895 138 946 178 11.
969 138 1010 180 3.
1341 139 1414 183 163

102 250 287 293 Caecilio
312 250 552 307 Plautoque
579 248 695 291 dabit
718 247 953 298 Romanus,
980 245 1192 286 ademtum

101 304 284 360 Virgilio
314 303 563 367 Varioque?
589 305 686 359 Ego
718 314 825 362 σαι-ζ
846 300 1066 356 acquirere
1091 312 1226 362 pauca
1359 300 1416 343 55

101 358 150 398 Si
173 371 369 412 possum,
395 358 612 407 invideor‚
641 369 771 412 quum
795 353 938 409 lingua
965 355 1134 394 Catonis
1162 360 1207 393 et
1231 354 1343 396 Enni

99 411 350 453 Sermonem
375 412 558 466 patrium
585 408 803 459 ditaverit,
835 416 880 449 et
904 420 1015 447 nova
1040 419 1187 447 rerum

100 463 277 505 Nomina
302 463 560 519 protulerit?
585 463 747 512 Licuit,
773 474 1026 516 semperque
1050 458 1217 512 licebit,

100 517 319 572 Signatum
375 525 569 558 raesente
595 525 695 557 nota
720 515 961 569 producere
987 526 1153 554 nomen.

98 570 157 610 Ut
182 571 312 611 silvae
361 571 454 611 oliis
476 584 634 624 pronos
659 576 873 609 mutantur
898 569 941 609 in
958 581 1117 618 annos,
1362 566 1416 610 60

98 623 241 663 Prima
265 624 438 664 cadunt:
464 624 523 663 ita
551 623 780 664 verborum
805 630 928 662 vetus
954 620 1098 661 interit
1124 627 1262 674 aetas,

97 676 157 716 Et
182 677 381 718 iuvenum
406 677 492 717 ritu
517 676 673 718 florent
698 675 827 717 modo
854 683 951 715 nata
977 674 1219 728 vigentque.

97 729 318 770 Debemur
343 730 472 770 morti
497 738 837 784 nos-nostraque.
869 729 970 768 Sive
995 734 1196 782 receptus

100 783 237 822 Terra
260 785 480 838 Neptunus
508 784 661 824 classes
689 782 951 838 aquilonibus
976 789 1113 831 arcet,

98 835 231 898 Regis
257 850 385 891 opus3
414 837 654 891 sterilisque
681 837 754 876 diu
778 835 899 889 palus
929 842 1110 890 aptaque
1137 833 1264 873 remis
1360 832 1414 875 65

98 887 267 929 Vicinas
291 890 422 930 urbes
451 890 547 939 alit,
577 898 620 930 et
647 902 776 952 grave
800 889 927 929 sentit
953 896 1156 937 aratrum3

99 940 188 981 Seu
214 956 385 982 cursum
410 942 587 983 mutavit
612 943 799 998 imquum
825 940 1021 995 frugibus
1049 940 1201 991 amnis,

98 993 262 1035 Doctus
288 996 371 1036 iter
397 996 572 1036 melius:
601 996 794 1036 mortalia
819 995 933 1035 facta
958 993 1155 1048 peribunt
1163 1007 1177 1044 3

98 1047 266 1087 Nedum
292 1062 535 1089 sermonum
562 1057 646 1089 stet
673 1049 809 1089 honos
837 1057 881 1088 et
908 1048 1040 1102 gratia
1066 1046 1201 1086 vivax.
1233 1094 1238 1098 Π

99 1100 232 1140 Multa
255 1110 530 1142 renascentur
615 1116 663 1143 ae
690 1102 772 1142 iam
800 1101 1015 1152 cecidere,
1049 1100 1283 1152 cadentque
1359 1110 1414 1150 7⁰

144 1166 224 1194 uae
249 1168 360 1195 nunc
384 1163 481 1195 sunt
504 1117 738 1196 inYonore
771 1154 999 1204 vocabula,
1027 1154 1063 1192 si
1093 1153 1212 1192 volet
1237 1165 1362 1201 usus,

141 1220 239 1247 nem
263 1220 395 1261 penes
421 1207 638 1248 arbitrium
665 1216 729 1248 est
756 1216 800 1248 et
823 1207 888 1247 ius
918 1215 960 1246 et
982 1219 1130 1246 norma
1155 1207 1199 1244 lo
1261 1205 1370 1244 endi.

139 1273 183 1300 es
209 1269 353 1315 gestae
381 1275 616 1317 regumque
644 1261 884 1316 ducumque
916 1269 960 1300 et
985 1259 1120 1299 tristia
1149 1258 1204 1298 be
1238 1273 1261 1297 a

96 1314 198 1408 Quo
226 1313 352 1354 scribi
377 1323 549 1368 possent
575 1328 776 1365 numero,
802 1313 1048 1354 monstravit
1080 1314 1307 1351 Homerus.

141 1366 301 1406 ersibus
330 1367 547 1421 impariter
572 1368 722 1408 iunctis
751 1367 1010 1423 querimonia
1036 1366 1239 1420 primum,
1357 1365 1411 1417 75

97 1419 206 1460 Post.
231 1420 355 1460 etiam
377 1421 534 1460 inclusa
559 1430 624 1461 est
650 1422 737 1461 voti
764 1421 968 1460 sententia
994 1432 1183 1473 compos.

143 1472 207 1511 uis
234 1479 372 1512 tamen
400 1475 574 1528 exiguos
604 1475 749 1529 elegos
778 1473 963 1513 emiserit
990 1481 1158 1518 auctor,

100 1525 366 1566 Grammatici
392 1535 577 1575 certant,
605 1535 648 1567 et
675 1527 810 1566 adhuc
838 1527 914 1565 sub
942 1526 1081 1566 iudice
1108 1525 1158 1564 lis
1186 1532 1263 1563 est.

99 1577 400 1619 Archilochum
426 1579 599 1632 proprio
626 1580 765 1620 rabies
794 1579 967 1619 armavit
992 1579 1142 1620 iambo.

98 1727 145 1735 —
174 1720 214 1742 ν.
243 1710 298 1752 59.
334 1706 531 1755 procudere
566 1721 691 1742 nomen
728 1710 848 1755 plures
884 1710 1000 1744 Codd.
1036 1711 1198 1744 Lambin.
1241 1710 1408 1756 Stephan.

98 1755 235 1787 Valart.
270 1754 445 1787 Bentleius
478 1765 497 1787 e
523 1755 727 1788 coniectura
749 1756 902 1789 Luisini:
935 1757 1129 1800 procudere
1154 1768 1340 1790 nummum.
1362 1773 1409 1781 -

99 1811 136 1832 v.
161 1801 217 1832 62.
244 1799 425 1845 virentque
446 1799 517 1831 Fea
542 1809 585 1831 ex
609 1811 681 1831 uno
703 1800 792 1832 Cod.
819 1801 873 1832 Cs.
898 1801 1096 1834 Hocheder.
1129 1821 1174 1828 -—
1206 1813 1243 1833 v.
1266 1803 1322 1835 63.
1348 1801 1408 1833 de-

101 1845 218 1877 bemus
241 1843 356 1876 Codd.
378 1844 547 1876 Priscian.
573 1844 668 1888 apud
699 1845 827 1878 Achiu.
865 1846 1011 1878 Statium
1055 1847 1109 1879 Cf.
1149 1848 1261 1880 Bentl.
1295 1845 1340 1878 ad
1375 1857 1407 1877 v.

99 1891 158 1924 68,
189 1907 236 1914 —
265 1900 304 1920 v.
335 1889 392 1922 65.
427 1889 481 1921 Ita
513 1888 629 1921 Codd.
667 1901 811 1931 omnes,
844 1891 909 1923 nisi
934 1891 1031 1934 quod
1057 1892 1094 1923 in
1116 1892 1236 1936 paucis
1262 1897 1313 1923 est
1336 1898 1406 1922 ste-

100 1935 232 1977 raisve,
264 1945 332 1967 nec
364 1944 436 1966 non
462 1933 688 1967 Grammatici
716 1941 870 1977 veteres,
907 1936 966 1979 qui
988 1936 1082 1969 hunc
1106 1939 1225 1969 locum
1248 1935 1406 1968 laudant.

100 1981 236 2012 Tamen
260 1979 307 2012 ob
332 1983 531 2023 correptam
555 1978 722 2022 syllabam
744 1979 885 2013 finalem
906 1981 942 2012 in
963 1981 1068 2025 palus
1095 1982 1159 2014 viri
1189 1982 1295 2014 docte
1326 1986 1405 2013 ten-

100 2031 241 2066 tarum,
263 2029 303 2056 ut
326 2024 438 2056 Bentl.
462 2023 628 2056 sterilisve
648 2024 753 2067 palus
773 2026 874 2069 prius
899 2032 1051 2071 aptaque
1070 2027 1190 2066 remis;
1213 2027 1271 2058 alii
1291 2027 1405 2058 aliter.

102 2069 174 2102 Sed
195 2067 254 2103 Cs.
277 2070 347 2102 Fea
368 2073 403 2101 et
427 2068 530 2101 Both.
554 2068 736 2102 Annotatt.
759 2087 805 2095 —
825 2081 862 2102 v.
882 2071 939 2104 68.
963 2071 1133 2103 mortalia
1154 2069 1405 2115 czcnctapem'b.

102 2114 214 2147 Bentl.
238 2125 281 2148 ex
304 2124 376 2146 uno
400 2113 489 2146 cod.
516 2113 571 2145 Cf.
593 2113 790 2148 Hocbeder.
813 2134 857 2141 —
880 2126 918 2147 v.
946 2124 999 2157 72.
1024 2117 1072 2149 vis
1095 2123 1129 2148 et
1145 2128 1271 2149 norma
1287 2113 1404 2147 Codd.

101 2159 230 2192 Bersm.
262 2160 354 2192 Feae
391 2163 428 2191 et
453 2159 573 2204 plures
602 2157 693 2191 Edd.
726 2165 809 2193 vett.
842 2178 887 2186 -
916 2171 954 2193 υ.
977 2170 1031 2204 77.
1055 2161 1171 2204 elegos
1194 2159 1405 2194 commiserit

104 2202 220 2236 Codd.
243 2203 315 2238 duo
336 2204 442 2238 Peae.
466 2210 569 2237 actor·
592 2202 665 2237 duo
686 2203 802 2239 Codd.
825 2206 928 2240 Feae.

1045 2249 1127 2289 ιι*
