1526 2404
489 177 741 208 unsrun-ui.
770 176 856 204 un.
882 163 941 213 11,
971 177 1009 205 ι.
1327 158 1401 206 145

86 277 350 330 Miraturque
374 273 499 324 nihil,
530 272 607 312 nisi
638 269 754 326 quod
782 268 963 308 Libitina
993 264 1185 306 sacravit.

87 330 244 370 Ennius
257 358 269 379 ,
301 335 346 368 et
375 328 537 380 sapiens
569 333 614 365 et
643 323 769 364 fortis
782 353 795 373 ‚
827 329 871 361 et
901 322 1010 360 alter
1039 321 1275 367 Homerus,
1348 314 1402 354 50

88 384 147 423 Ut
179 380 314 423 critici
345 381 511 429 dicunt,
542 378 696 419 leviter
729 388 879 415 curare
908 373 1102 422 videtur,

86 436 188 528 3110
206 435 425 488 'promissa
453 432 601 471 cadant
631 439 675 470 et
707 429 864 469 somnia
895 425 1175 480 Pythagorea.

127 486 267 528 aevius
299 486 342 525 in
373 485 559 524 manibus
590 498 674 524 non
704 490 803 532 est,
818 489 862 521 et
888 479 1094 519 mentibus
1121 477 1271 516 haeret

87 543 228 581 Paene
259 537 439 578 recens?
467 537 572 578 adeo
604 543 791 576 sanctum
822 542 887 574 est
911 540 1034 573 vetus
1061 543 1182 571 omne
1214 529 1379 585 poe‘ma.

89 593 330 646 Ambigitur
357 590 521 644 quoties
552 598 651 629 uter
680 596 779 628 utro
811 587 864 627 sit
893 586 1034 640 peior,
1063 582 1205 623 aufert
1349 583 1404 624 55

89 646 299 686 Pacuvius
331 643 447 683 docti
473 643 625 682 famam
652 642 782 690 senis,
814 642 968 680 Accius
1002 637 1094 677 alti:

90 699 260 738 Dicitur
289 696 439 736 Afrani
468 704 514 736 to
544 711 567 734 a
598 694 839 736 convenisse
867 690 1134 740 Menandr03

91 752 265 791 Plautus
298 749 351 788 ad
382 762 530 802 exemp
548 763 594 790 ar
627 747 755 787 Siculi
787 758 1020 800 properare
1051 741 1291 795 Epicharmi
1300 755 1316 794 ς

92 804 276 847 Vincere
306 802 509 842 Caecilius
545 802 769 855 gravitate,
798 798 1019 838 Terentius
1051 797 1155 835 arte.

93 858 185 896 Hos
219 855 390 904 ediscit,
417 862 460 894 et
490 854 567 894 hos
597 861 713 893 arcto
741 852 889 905 stipata
918 850 1084 890 theatro

97 909 270 962 Spectat
295 908 430 947 Roma
462 915 610 960 potens
622 912 640 956 ‚¹
665 905 792 944 habet
814 904 899 944 hos
927 909 1201 955 numeratque
1229 902 1313 955 poi}

96 962 166 1000 Ad
190 968 379 1000 nostrum
409 968 600 1012 tempus,
634 959 729 998 Livi
759 957 978 1010 scriptoris
1010 955 1060 994 ab
1094 968 1212 994 aevo.

94 1014 310 1053 Interdum
338 1012 490 1067 vulgus
522 1020 685 1051 rectum
715 1011 854 1060 videt3
883 1018 948 1049 est
969 1008 1044 1048 ubi
1065 1015 1228 1061 peccat.

97 1067 142 1106 Si
171 1074 340 1107 veteres
370 1066 425 1104 ita
450 1066 625 1104 miratur
650 1064 874 1117 laudatque
901 1065 1072 1116 poe’tas⁷

97 1119 155 1159 Ut
179 1118 280 1157 nihil
307 1117 535 1168 anteferat,
559 1117 661 1156 nihil
684 1117 764 1156 illis
793 1123 1032 1169 comparet,
1059 1121 1198 1153 errat:
1358 1115 1411 1157 65

99 1172 146 1212 Si
173 1170 376 1226 quaedam
400 1170 519 1209 nimis
548 1171 738 1224 antique,
765 1169 801 1208 si
825 1169 1030 1222 pleraque
1065 1166 1170 1205 dure

96 1224 253 1264 Dicere
286 1223 422 1263 credit
453 1237 549 1274 eos,
577 1223 724 1276 ignave
754 1223 884 1261 multa
914 1220 1099 1270 fatetur3

97 1278 155 1316 Et
185 1276 312 1329 sapit,
345 1284 389 1315 et
414 1289 579 1315 mecum
605 1275 727 1325 facit,
759 1282 803 1314 et
829 1275 929 1314 Iove
956 1273 1112 1312 iudicat
1139 1286 1289 1327 aequo.

97 1331 193 1370 Non
223 1329 419 1383 equidem
446 1329 629 1369 insector
656 1327 884 1368 delendave
914 1326 1091 1366 carmina
1121 1326 1217 1366 Livi

97 1383 205 1422 Esse
236 1395 359 1432 reor,
399 1382 566 1420 memini
590 1395 696 1436 quae
723 1382 941 1435 plagosum
970 1379 1071 1418 mihi
1095 1393 1230 1432 parvo
1358 1394 1412 1433 ‘7⁰

101 1434 312 1474 Orbilium
342 1434 524 1474 dictare:
551 1436 626 1473 sed
653 1435 867 1474 emendata
898 1432 1036 1473 videri

99 1486 367 1540 pulchraque
395 1494 439 1526 et
466 1487 619 1526 exactis
646 1487 857 1526 minimum
884 1485 1073 1525 distantia
1105 1485 1252 1528 miror.

104 1541 219 1579 Inter
249 1552 356 1592 quae
383 1539 561 1579 verbum
589 1540 757 1578 emicuit
784 1540 818 1578 si
843 1538 959 1577 forte
988 1538 1212 1590 decorum,

101 1591 147 1631 Si
173 1604 320 1632 versus
352 1591 476 1643 paulo
509 1592 749 1631 concinnior
771 1605 876 1630 unus
910 1599 953 1629 et
978 1591 1107 1643 alter,

100 1645 256 1683 Iniuste
283 1650 419 1682 totum
446 1643 561 1682 ducit
586 1644 814 1698 venditque
840 1645 1003 1695 poema.
1359 1646 1413 1698 75

105 1697 304 1756 Indignor
331 1695 556 1787 quidiqu‘am
582 1696 856 1748 reprehendi,
883 1710 965 1735 non
993 1696 1089 1750 quia
1117 1711 1256 1738 crasse

104 1750 396 1802 compositum
454 1747 648 1808 lepideve
675 1756 871 1801 putetur,
900 1748 974 1787 sed
1001 1749 1099 1803 quia
1126 1765 1282 1811 nuper3

105 1804 195 1842 Nec
221 1801 384 1843 veniam
409 1809 585 1855 antiquis
612 1804 688 1841 sed
713 1801 917 1842 honorem
942 1808 987 1840 et
1018 1815 1202 1856 praemia
1228 1805 1359 1858 posci.

1321 847 1420 891 ‚60—

1314 908 1377 940 tas

105 1953 164 1978 tos
188 1946 299 1978 Bentl.
326 1956 345 1977 e
369 1945 528 1989 plurimis
551 1943 666 1978 Codd.
691 1943 815 1988 quibus
842 1946 1014 1980 accedunt
1038 1948 1153 1982 Codd.
1178 1949 1280 1982 Fene.
1309 1949 1413 1993 Vulg.

106 1989 159 2023 ad
173 1989 306 2034 fizstos.
329 1990 411 2022 Vid.
435 1991 545 2023 Bentl.
565 2007 609 2014 —
627 2001 665 2021 v.
685 1991 740 2027 54.
764 1989 907 2032 Signum
926 1992 1209 2037 interrogationis
1223 2005 1242 2025 a
1255 1995 1412 2027 Bentleio

106 2035 283 2076 additum,
309 2033 404 2067 delet
426 2036 508 2067 Fea.
530 2034 601 2066 Sed
626 2033 680 2071 Cf.
701 2034 828 2067 Bothii.
848 2036 1029 2070 Annotatt.
1055 2045 1090 2071 et
1108 2040 1218 2071 Bentl.
1241 2058 1284 2064 —
1302 2051 1339 2071 v.
1355 2041 1413 2072 63.

102 2087 231 2124 peccet.
255 2079 320 2111 Ed.
347 2079 509 2112 Glarean.
533 2099 578 2104 —
601 2090 638 2110 v.
663 2080 721 2122 67.
747 2078 837 2112 cedit
858 2080 967 2113 Bentl.
994 2094 1035 2117 ex
1058 2095 1129 2116 uno
1164 2084 1254 2117 cod.
1288 2084 1415 2116 credat

106 2124 172 2156 Ed.
195 2125 284 2156 Ven.
310 2129 344 2156 et
368 2124 532 2158 Glarean.
554 2141 601 2148 —-
623 2134 660 2155 v.
679 2126 736 2166 69.
760 2125 872 2156 Laevi
890 2125 1066 2160 Bentleius
1090 2140 1130 2161 ex
1143 2139 1213 2161 uno
1230 2141 1293 2161 suo
1322 2130 1412 2163 Cod.

107 2169 265 2221 Itemque
291 2168 382 2202 Coll.
408 2170 544 2202 Saxian.
559 2174 600 2201 et
614 2168 808 2213 Porphyrio
827 2169 902 2202 MS.
920 2172 1015 2216 apud
1028 2173 1146 2206 Feam.
1169 2191 1215 2199 —
1236 2186 1274 2207 v.
1290 2177 1342 2219 75.
1357 2186 1412 2207 vc-

109 2221 231 2257 nnquc
254 2213 369 2246 Bentl.
396 2225 438 2248 ex
458 2225 529 2247 uno
554 2223 618 2247 suo
642 2212 732 2260 (jod.

153 2267 272 2301 Horat.
292 2268 338 2302 11.
1107 2276 1154 2302 10
