1526 2404
528 196 766 226 snnnomm
793 196 879 225 un.
906 183 969 226 11.v
989 186 1021 223 ῐ.
1384 185 1436 226 53

119 291 322 346 Agmina,
346 304 426 332 nec
453 290 589 332 fracta
614 298 842 344 pereuntes
870 288 1044 343 cuspide
1072 289 1239 341 Gallos,

122 345 206 385 Aut
229 344 405 390 labentis
432 358 545 400 equo
574 343 775 384 describit
801 343 976 383 vulnera
998 342 1156 383 Parthi.
1387 341 1436 384 15

620 410 921 452 Trebatius.

119 476 314 519 Attamen
337 485 382 517 et
406 478 560 518 iustum
586 483 756 530 poteras
785 482 829 514 et
855 474 1044 516 scribere
1071 474 1254 526 fortem,

118 528 353 584 Scipiadam
378 539 427 571 ut
453 531 615 585 sapiens
642 528 839 568 Lucilius.

640 596 910 638 Horatius.

910 659 1038 699 Haud
1064 660 1165 700 mihi
1191 660 1349 713 deero,

119 713 261 809 guum
288 728 359 760 res
385 714 475 769 ipsa
501 715 634 756 feret:
661 714 740 754 nisi
766 713 917 754 dextro
943 722 1139 777 temporo
1165 715 1307 755 Flacci

161 767 263 808 erba
321 782 369 808 er
395 777 592 809 attentam
617 781 702 807 non
727 767 846 807 ibunt
874 769 1064 808 Caesaris
1092 781 1261 819 aurem3

120 821 199 861 Cui
226 783 333 861 mafe
362 822 398 861 si
424 822 621 876 palpem,
648 821 887 861 recalcitrat
913 821 1099 875 undique
1127 829 1256 860 tutus.
1381 834 1434 862 20

628 887 931 932 Trebatius.

118 950 294 1043 &nanto
321 952 478 994 rectius
504 951 611 1001 hoc,
667 967 762 995 uam
787 953 896 992 tristi
925 953 1097 992 laedere
1124 965 1251 992 versu

156 1004 394 1044 antolabum
421 1019 609 1044 scurram
674 1014 1025 1062 omentanumque
1050 1006 1269 1060 nepotem!

118 1057 262 1116 Quum
288 1057 367 1097 sihi
395 1059 574 1115 quisque·
594 1058 735 1110 timet,
764 1073 1015 1153 Ἱιιᾶωςυὲξι
1044 1067 1110 1099 est
1135 1059 1336 1112 intactus,
1365 1070 1408 1101 et

628 1128 936 1205 Horatius.o
967 1128 982 1152 ι
1002 1143 1013 1153 ·

121 1227 237 1269 Ouid
263 1227 447 1272 faciam?
474 1228 605 1268 saltat
629 1229 848 1279 Milonius,
875 1237 923 1272 ut
949 1229 1080 1268 semel
1107 1229 1194 1271 icto

116 1270 307 1326 Recessit
333 1282 483 1322 fervor
511 1282 635 1334 capiti
662 1296 946 1338 numerusque
973 1283 1167 1323 lucernis.
1382 1287 1433 1328 25

118 1335 268 1373 Castor
295 1335 451 1388 gaudet
477 1336 594 1388 equis
604 1349 617 1385 3
645 1349 727 1374 ovo
756 1341 985 1390 prognatus
1014 1335 1189 1387 eodem,

115 1387 272 1439 Pugnis
282 1402 295 1438 3
324 1397 427 1442 quot
455 1389 635 1440 capitum
665 1389 831 1438 vivunt,
859 1388 1036 1428 totidem
1066 1390 1302 1434 studiorum

116 1439 266 1479 Miltia:
294 1455 362 1485 me
390 1439 567 1494 pedibus
595 1441 778 1480 delectat
805 1441 1004 1481 claudere
1031 1441 1189 1495 verba,

116 1493 254 1531 Lucili
278 1493 384 1541 ritu,
410 1502 600 1534 nostrum
628 1495 813 1534 melioris
841 1503 1037 1550 utroque.

117 1544 192 1582 Ille
219 1545 336 1590 velut
361 1546 453 1585 fidis
481 1560 627 1585 arcana
657 1547 869 1590 sodalibus
899 1549 998 1587 olim
1214 1576 1218 1579 -
1379 1553 1433 1592 30

121 1597 330 1636 Credebat
359 1598 495 1649 libris3
523 1613 685 1654 neque,
712 1601 746 1639 si
773 1601 880 1639 male
910 1609 1114 1651 cesserat,
1142 1616 1319 1656 usquam

118 1650 361 1688 Decurrens
389 1652 491 1701 alio3
518 1665 657 1705 neque
688 1654 721 1691 si
748 1652 876 1692 bene:
906 1668 988 1692 (uo
1019 1652 1087 1704 fit,
1115 1663 1162 1693 ut
1193 1657 1326 1694 omnis

118 1703 274 1743 Votiva
301 1711 442 1756 pateat
469 1704 601 1743 veluti
629 1705 839 1757 descripta
868 1669 1021 1745 taliella

118 1755 216 1795 Vita
237 1757 359 1794 senis.
391 1757 556 1810 Sequor
573 1757 705 1805 hunc,
722 1760 913 1797 Lucanus
935 1773 985 1809 an
1002 1760 1192 1813 Appulus
1205 1790 1217 1810 ,
1237 1775 1410 1814 anceps:

121 1810 226 1847 Nam
244 1810 479 1851 Venusinus
500 1818 587 1849 arat
604 1808 730 1850 finem
750 1810 827 1850 sub
848 1819 1095 1867 utrumque,
1118 1813 1293 1855 colonus
1377 1817 1431 1856 35

119 1978 164 1985 —
185 1972 222 1992 v.
242 1961 292 1993 15.
316 1959 489 1992 describat
510 1960 699 2004 pleraeque
723 1962 811 1995 Edd.
836 1969 916 1996 vett.
939 1969 973 1996 et
997 1966 1114 2009 plures
1142 1964 1255 1996 Codd.
1295 1965 1429 2010 Reliqui

121 2004 235 2036 Codd.
255 2012 313 2037 aut
332 2004 499 2037 describet
518 2011 577 2036 aut
591 2004 760 2039 describit.
785 2009 817 2039 V
820 2007 866 2039 id.
888 2009 997 2041 Bentl.
1018 2016 1052 2042 et
1070 2011 1150 2042 Fea.
1175 2028 1219 2033 —
1240 2021 1275 2041 v.
1295 2020 1348 2044 20.
1374 2023 1428 2042 re-

121 2049 277 2081 calcia-et
294 2050 404 2083 Bentl.
429 2061 447 2082 e
466 2049 580 2082 Codd.
599 2050 652 2082 Gr.
674 2052 795 2084 Heind.
817 2071 860 2077 —
884 2064 921 2085 v.
936 2052 990 2095 24.
1016 2063 1056 2086 ut
1073 2054 1177 2086 simul
1193 2055 1263 2086 Fea
1280 2066 1321 2087 ex
1338 2055 1428 2087 cod.

122 2093 176 2125 Cs.
197 2093 296 2126 Both.
314 2096 493 2126 Annotatt.
516 2114 560 2120 -
583 2106 618 2126 v.
641 2097 694 2128 31.
720 2106 870 2130 cesserat
889 2097 1003 2130 Codd.
1026 2099 1159 2142 aliquot
1178 2100 1288 2139 Feac;
1314 2111 1428 2142 gesse-

121 2138 181 2169 rat
193 2139 296 2180 longe
315 2139 455 2183 plurimi
474 2139 587 2171 Codd.
610 2146 642 2171 et
660 2142 847 2185 pleraeque
867 2148 946 2174 ante
964 2143 1121 2175 Lambin.
1138 2143 1226 2175 Edd.
1245 2144 1299 2176 Cs.
1316 2145 1427 2176 Bentl-

123 2187 158 2213 et
175 2182 352 2215 Heindorf.
377 2203 422 2210 —-
447 2195 611 2229 umquam
631 2196 710 2218 cum
732 2187 801 2219 Fea
822 2187 1021 2232 scripsimus
1040 2200 1059 2221 e
1076 2188 1235 2233 pluribus
1257 2188 1371 2221 Codd.
1393 2194 1428 2220 et

123 2230 202 2258 vett.
227 2226 316 2259 Edd.
338 2228 406 2260 Alii
432 2240 592 2273 usquam.
617 2229 670 2262 Cf.
690 2231 771 2263 Fea.
