1526 2404
152 165 231 214 ,156
549 206 551 209 ,
584 178 624 220 q.
656 178 838 209 nolu-ru
869 178 1056 210 ruem..

151 273 400 324 caedimur,
433 280 477 315 et
507 273 686 315 totidem
716 273 848 336 plagis
882 273 1160 315 consumimus
1189 273 1382 335 hostem,

148 328 285 368 Lento
316 328 520 368 Samnites
551 328 603 366 ad
633 328 786 367 lumma
811 327 944 381 prima
971 327 1133 369 duello.

148 381 335 422 Discedo
369 381 547 421 Alcaeus
574 389 732 435 puncto
761 381 891 420 illius:
918 381 989 421 ille
1020 394 1115 422 meo
1147 380 1273 436 quis?
1319 375 1330 388 ”

150 434 280 484 ouis,
313 434 390 473 nisi
424 433 728 474 Callimachus?
760 434 795 473 si
825 434 919 487 plus
947 435 1179 488 adposcere
1205 434 1347 487 visus,
1396 448 1471 476 100

149 471 220 527 ffit
251 488 543 538 Mimnermus,
572 496 615 527 et
643 487 789 541 optivo
824 489 1070 542 cognomine
1099 487 1264 528 crescit.

149 540 281 580 Multa
308 540 404 581 fero
419 572 429 591 ,
460 549 509 580 ut
539 541 704 594 placem
736 554 865 596 genus
898 540 1102 580 irritabile
1133 547 1302 591 vatum,

151 595 295 646 Quum
326 594 490 645 scribo,
519 603 562 634 et
588 595 766 647 supplex
791 595 938 648 populi
969 593 1169 648 suffragia
1200 590 1348 648 capto:

150 647 293 698 Idem,
325 646 448 687 finitis
477 647 622 687 studiis
657 655 701 687 et
726 655 867 687 mente
894 654 1090 700 recepta,

151 701 365 741 Obturem
390 702 551 754 patulas
578 701 747 754 impune
773 701 1008 754 legentibus
1036 713 1172 740 aures.
1397 701 1472 742 105

149 754 362 794 Ridentur
387 754 493 793 mala
521 754 594 809 qui
621 762 876 807 componunt
903 754 1104 794 carmina:
1129 767 1282 795 verum

154 807 350 847 Gaudent
377 807 636 858 scribentes,
664 815 707 846 et
733 821 778 847 se
804 815 1082 858 venerzmtur,
1112 815 1156 847 et
1180 807 1322 859 ultro,

152 860 199 905 Si
225 868 387 911 taceas,
419 861 589 901 laudant
622 861 827 915 quidquid
854 861 1089 914 scripsere,
1115 860 1241 901 beati.

150 913 209 953 At
235 914 307 968 qui
329 914 562 1005 leqitimum
594 915 736 967 cupiet
763 914 916 954 fecisse
943 916 1119 967 poe'ma,

152 968 259 1006 Cum
285 967 386 1006 tabu
403 968 436 1007 is
465 968 643 1007 animum
671 968 855 1008 censoris
883 975 1019 1007 sumet
1045 966 1235 1018 honesti;
1399 979 1474 1007 no

151 1020 340 1060 Audebit
368 1034 644 1075 quaeeunque
675 1035 823 1074 parum
850 1020 1084 1075 splendoris
1111 1020 1348 1071 habebunt,

150 1074 209 1112 Et
240 1074 328 1113 sine
354 1073 544 1127 pondere
579 1082 724 1124 erunt,
753 1082 796 1113 et
819 1074 981 1115 honore
1008 1072 1420 1128 indigna-ferentur,

151 1126 296 1167 Verba
323 1140 496 1166 movere
523 1127 644 1177 loco,
672 1127 859 1180 quamvis
890 1127 1018 1168 invita
1044 1127 1268 1178 recedant,
1411 1127 1414 1130 “

151 1179 209 1219 Et
237 1186 462 1223 versentur
488 1179 623 1218 adhuc
651 1180 758 1218 intra
784 1179 1013 1231 penetralia
1039 1180 1210 1220 Vestae.

153 1231 390 1272 Obscurata
419 1231 490 1270 diu
515 1233 673 1285 populo
702 1232 836 1272 honus
866 1238 1008 1276 eruet,
1038 1239 1165 1285 atque
1397 1229 1473 1270 115

151 1285 357 1325 Proferet
383 1285 424 1323 in
450 1285 588 1324 lucem
616 1285 806 1338 speciosa
832 1284 1037 1325 vocabula
1063 1297 1232 1332 rerum,

153 1339 272 1390 Quae
298 1338 447 1391 priscis
475 1346 704 1377 memorata
737 1337 962 1378 Catonibus
990 1345 1115 1391 atque
1145 1334 1367 1389 Cethegis»,

152 1393 271 1431 Nunc
298 1392 399 1430 situs
432 1390 622 1430 informis
650 1391 806 1444 premit
838 1398 880 1430 et
914 1390 1081 1429 deserta
1107 1397 1318 1430 vetustas:

152 1444 374 1484 Adsciscet
400 1458 531 1493 nova,
563 1458 671 1504 quae
699 1444 866 1497 genitor
891 1443 1142 1497 produxerit
1169 1456 1282 1482 usus.

151 1498 389 1545 Vehemens
423 1505 467 1536 et
493 1497 695 1551 liqu1dus‚
723 1511 919 1551 puroque
947 1496 1175 1536 simillimus
1203 1495 1338 1547 amni,
1395 1506 1471 1536 120

153 1551 321 1591 Fundet
348 1564 473 1603 opes,
499 1551 748 1604 Latiumque
776 1551 917 1590 beabit
945 1549 1075 1589 divite
1105 1549 1267 1604 lingua,

152 1604 420 1644 Luxuriantia
451 1611 714 1656 compescet,
746 1603 864 1642 nimis
893 1616 1039 1655 aspera
1065 1617 1164 1643 sano

152 1657 333 1698 Levabit
360 1657 496 1705 cultu,
523 1658 681 1697 virtute
711 1657 892 1696 carentia
919 1656 1062 1696 tollet:

152 1710 353 1750 Ludentis
381 1710 564 1762 speciem
591 1710 724 1760 (labit,
759 1719 801 1750 et
832 1708 1125 1763 torquebitur,
1153 1715 1202 1747 ut
1229 1706 1301 1762 qui

152 1765 271 1803 Nunc
303 1762 496 1814 Satyrum
522 1776 629 1801 nunc
657 1772 866 1817 agrestem
887 1762 1068 1814 Cyclopa
1088 1769 1364 1802 n1ovetu1·.·.—-
1395 1758 1469 1801 125

152 1815 432 1856 Praetulerim
459 1815 641 1867 scriptor
669 1817 825 1856 delirus
858 1816 1054 1868 inersque
1079 1814 1239 1863 videri,

152 1871 267 1909 Dum
293 1882 385 1908 mea
417 1868 629 1908 delectent
655 1871 760 1909 mala
791 1883 858 1908 me
885 1869 954 1909 vel
986 1868 1165 1922 denique
1191 1866 1363 1916 fallant,

155 1924 290 1975 Quam
322 1935 469 1976 sapere
498 1929 540 1960 et
565 1922 683 1976 ringi.
739 1923 838 1962 Fuit
864 1921 974 1960 haud
1000 1920 1192 1974 ignobilis
1218 1918 1367 1973 Argis,

155 1976 239 2028 Qui
266 1990 310 2015 se
340 1974 540 2015 credebat
569 1976 697 2015 miros
724 1977 868 2015 audire
895 1974 1141 2027 tragoedos,

152 2029 200 2069 111
224 2042 357 2071 vacuo
384 2029 518 2068 laetus
549 2041 688 2069 sessor
715 2029 972 2084 plausorque
1001 2026 1167 2066 theatro
1177 2039 1191 2077 3
1393 2023 1468 2064 130

153 2202 256 2268 ⁹7:3⁷1.
276 2189 359 2269 l³14.
381 2191 475 2225 inter
499 2187 616 2222 Codd.
640 2189 779 2233 aliquot
795 2187 974 2221 Torrentii
993 2191 1030 2220 et
1042 2186 1150 2220 Feae.
1172 2202 1219 2212 -
1241 2195 1279 2219 ν.
1297 2183 1374 2219 128.
1390 2183 1467 2217 rin-

154 2247 208 2282 gc.
255 2247 274 2269 a
299 2247 335 2270 n.
