1526 2404
522 185 763 228 esuum
788 186 879 222 zm,
899 172 950 221 11·
966 174 1007 230 Q.
1374 174 1431 229 τᾷ

115 287 158 318 ut
181 287 322 319 certum
340 279 519 328 quendam
542 292 564 316 e
591 291 742 317 numero
770 280 899 317 borum
928 281 1172 317 convictorum
1195 281 1334 328 iocose,
1366 282 1432 317 sed

115 339 191 363 non
210 329 286 362 sine
311 329 401 361 salsa
423 327 616 360 acrimonia
637 332 815 371 tangeret,
848 328 908 372 qni
930 327 1148 362 reconditam
1171 339 1268 361 suam
1291 328 1430 373 sapien-

115 374 187 407 tiae
202 373 393 407 culinariae
411 372 574 416 peritiam
590 371 754 405 iactando
772 383 1023 417 nonnunquam
1040 372 1219 406 sodalibus
1233 373 1433 406 molestiam

117 415 266 452 crearet.
288 417 359 452 Sed
378 417 454 461 quis
475 415 618 449 tandem
633 417 694 450 ille
715 411 809 450 suit?
839 417 882 450 In
903 418 1015 450 Satira
1032 417 1173 462 quidem
1195 424 1340 460 octava,
1363 428 1432 462 qua

117 463 312 497 convivium
333 461 514 495 Nasidieni
538 461 614 493 Rufi
636 461 870 504 describitur,
891 464 1061 495 nonnu‘na
1091 463 1216 495 similia
1243 469 1434 508 praecepta

116 513 334 550 occurrunt,
362 505 427 539 sed
456 506 703 539 tractationem
728 512 844 540 tamen
874 509 1026 540 multum
1053 507 1226 540 diversam
1258 508 1432 543 referunt.

114 551 332 587 wielandius
346 576 357 593 ,
383 552 421 583 in
440 550 675 584 coniectando
699 551 888 593 audacior,
920 563 1022 594 eum,
1043 553 1141 586 cuius
1166 552 1224 586 hic
1243 551 1434 586 delicatula

115 597 155 630 in
170 598 258 630 cibis
271 595 441 639 eligendis
461 595 651 638 elegantia,
676 596 804 629 callida
815 597 961 630 artificia
982 603 1017 630 et
1038 598 1073 630 in
1093 603 1192 630 curta
1214 609 1254 630 re
1270 597 1433 630 familiari

115 642 341 685 magnificum
363 639 542 672 fastidium
563 639 607 672 ab
630 641 775 674 Horatio
797 641 996 684 deridetur,
1029 640 1217 675 neminem'
1231 643 1338 675 alium
1358 653 1434 675 esse

114 692 215 732 putat
237 697 340 730 quam
362 685 544 718 Horatium
564 685 698 730 ipsum,
722 687 781 730 qui
802 688 896 720 ultro
920 698 958 720 se
977 687 1171 720 lectoribus
1198 687 1269 720 hoc
1291 686 1435 731 quidem

115 732 259 764 nomine
273 728 506 763 deridendum
518 731 696 774 propinet.
713 730 784 764 Sed
794 731 855 764 ubi
868 731 1011 765 tandem
1022 733 1095 765 ulla
1109 733 1343 776 parsimoniae
1356 743 1434 765 ves-

116 777 203 819 tigia
228 780 417 820 apparent,
441 779 502 806 aut
519 775 611 808 ratio
631 781 751 809 curtae
770 777 821 809 rei
839 777 1018 810 familiaris
1039 771 1215 810 habetur?
1236 777 1313 810 imo
1330 787 1435 821 prae-

117 821 327 854 stantissima
343 824 379 853 et
393 819 645 864 pretiosissima
660 831 820 865 quaeque
838 821 1142 854 commendamur.
1169 821 1239 866 (Ci'.
1250 834 1281 855 v.
1295 820 1435 864 32-34,

118 875 153 898 v.
174 865 240 907 58,
262 865 329 907 66,
353 864 420 906 68,
442 864 507 907 69,
528 863 599 909 77.)
625 865 740 907 Quam
761 875 884 910 parum
904 878 1044 911 quoque
1062 867 1281 901 Wielandius
1293 873 1437 911 poetam
1466 870 1468 873 '

119 910 158 942 in
185 908 255 942 hoc
283 909 427 954 quidem
451 919 580 952 genere
600 911 714 952 novit,
739 911 798 954 qui
825 909 919 944 haud
939 913 1049 944 semel
1072 912 1312 944 conviviorum
1333 913 1436 944 luxu-

118 955 207 987 riam
228 959 349 996 notat,
370 959 581 997 tenuemque
602 955 731 987 victum
750 966 851 987 suum
866 956 1102 991 commendat.
1130 956 1212 989 vid.
1232 956 1309 989 Sat.
1330 957 1382 998 11,
1402 966 1442 991 ae

121 998 178 1032 Cs.
203 997 269 1031 Od.
293 999 328 1041 1,
355 1008 410 1033 20.
443 998 559 1040 1‚31‚
588 999 627 1032 15
646 1010 722 1051 sqq.
751 1000 818 1042 III,
843 1011 874 1035 ι.
900 1001 967 1042 ΙΠ,
990 1002 1024 1034 6.
1050 1001 1120 1042 ΠΙ,
1140 1011 1195 1044 29.
1231 1001 1308 1034 Sat.
1331 1001 1369 1042 I,
1392 1002 1437 1044 6,

124 1045 187 1078 115
207 1055 305 1088 seqq.
326 1043 381 1084 11,
396 1044 439 1085 6,
458 1043 502 1076 63
520 1054 617 1087 seqq.
642 1045 752 1088 Epist.
771 1045 805 1087 1,
824 1046 856 1079 5.
880 1045 955 1078 init.
972 1046 1010 1087 1,
1029 1044 1087 1088 14,
1105 1046 1159 1080 35.
1184 1046 1220 1088 1,
1236 1047 1291 1080 25.
1323 1045 1438 1079 Nobis

119 1088 284 1133 quidem,
307 1088 415 1121 modo
441 1088 478 1119 in
497 1097 537 1120 re
553 1093 625 1120 tam
650 1089 783 1122 incerta
803 1091 1043 1124 coniecturam
1063 1091 1225 1135 proferre
1245 1092 1368 1132 liceat,
1389 1091 1438 1133 is,

121 1135 181 1178 qui
202 1132 268 1166 hac
279 1133 393 1166 Satira
414 1138 510 1165 tecto
530 1133 672 1166 nomine
695 1134 877 1177 illuditur,
900 1146 1005 1168 nemo
1025 1136 1135 1177 alius,
1155 1136 1220 1168 nisi
1242 1135 1440 1168 Claecenas

122 1178 262 1211 videtur
282 1189 367 1211 esse.
393 1176 531 1220 Quodsi
550 1178 644 1210 enim
669 1179 853 1212 Maecenas
867 1204 879 1222 ,
901 1179 1008 1212 homo
1026 1180 1233 1213 delicatulus
1253 1186 1289 1215 et
1305 1183 1439 1214 valetu-

122 1222 300 1265 dinarius,
321 1222 367 1256 de
392 1221 479 1256 cibis
502 1227 537 1255 et
551 1221 595 1254 ad
615 1234 778 1267 saporem
800 1229 835 1257 et
851 1224 896 1257 ad
913 1225 1148 1258 valetudinem
1165 1226 1298 1270 optime
1310 1237 1440 1270 paran-

122 1267 176 1300 dis
195 1267 287 1300 inter
310 1268 470 1301 convivas
491 1266 682 1309 disserere,
703 1274 807 1312 atque
830 1270 975 1302 omnino
995 1271 1204 1313 singularem
1232 1271 1268 1302 in
1287 1270 1357 1303 hoc
1379 1282 1440 1314 ge-

121 1323 208 1346 nere
224 1318 258 1345 et
274 1313 438 1345 subtilem
455 1313 719 1355 intelligentiam
741 1314 899 1358 profiteri
921 1315 1077 1356 amabat,
1088 1315 1174 1359 quid
1191 1316 1346 1348 iocosius
1366 1327 1442 1348 esse

121 1362 263 1402 poterat
285 1357 354 1390 hoc
371 1366 554 1397 sermone,
579 1357 665 1400 quid
684 1358 842 1391 callidius
863 1359 929 1392 hac
949 1360 1100 1392 nominis
1122 1355 1335 1393 reticentia?
1365 1361 1443 1393 Hoc
1475 1360 1478 1362 ’

120 1402 151 1434 si
175 1412 294 1435 verum
316 1408 390 1443 est,
414 1398 487 1434 non¹
508 1401 616 1433 modo
636 1407 712 1434 toia
729 1404 898 1436 orationis
916 1405 1150 1437 conformatio
1171 1404 1216 1437 ad
1235 1404 1336 1438 huius
1358 1415 1442 1449 per-

121 1457 228 1479 sonae
245 1446 511 1480 similitudinem
534 1447 628 1479 sacta
649 1448 731 1489 erit,
755 1448 819 1480 sed
837 1450 942 1482 etiam
962 1450 1097 1492 singula
1114 1455 1303 1494 praecepta
1340 1450 1443 1482 rocul

125 1489 315 1524 dubio-aut
343 1492 716 1524 commemorationem
739 1493 808 1526 cibi
832 1505 852 1526 a
873 1495 1076 1527 Maecenate
1100 1495 1137 1526 in
1159 1494 1294 1528 deliciis
1315 1462 1442 1536 Kabiti,

124 1540 186 1567 aut
210 1535 489 1569 observationem
518 1536 563 1567 ab
592 1536 718 1569 eodem
749 1549 828 1570 cum
860 1539 1119 1572 convictoribus
1150 1541 1444 1572 communicatam

126 1579 376 1620 continebunt,
401 1581 448 1611 ita
470 1580 612 1623 quidem
635 1587 674 1612 ut
694 1582 877 1615 Maecenas
898 1583 987 1616 lianc
1015 1585 1155 1615 satiram
1173 1585 1292 1626 legens
1311 1584 1444 1627 ubique

124 1634 166 1656 ea
189 1623 484 1668 deprehenderet,
501 1635 590 1667 quae
610 1625 792 1658 ambitiose
814 1628 971 1659 convivas
986 1627 1116 1660 docere
1133 1629 1262 1660 soleret
1273 1652 1283 1669 ,
1296 1629 1391 1661 varie
1409 1633 1445 1660 et

125 1668 251 1701 iocosa
277 1667 453 1700 derisione
471 1669 606 1700 inversa
629 1675 663 1702 et
686 1670 876 1703 immutata.
910 1673 1071 1704 Fortasse
1099 1673 1204 1704 etiam
1230 1673 1348 1705 Catius
1370 1683 1446 1704 non

77 1728 89 1742 ι
122 1718 181 1746 est
206 1723 356 1756 persona
386 1714 490 1759 plane
517 1713 617 1753 ficta,
656 1714 718 1746 sed
747 1726 834 1747 unus
866 1728 885 1748 e
904 1716 1180 1749 ,convictoribus
1207 1718 1444 1759 Maecenatis,

126 1758 241 1790 simile
254 1768 384 1790 nomen
402 1756 546 1798 habens,
563 1756 626 1789 sed
640 1758 738 1801 quod
758 1770 800 1791 ex
818 1766 944 1804 poetae
962 1761 1070 1792 nostri
1085 1761 1338 1794 consuetudine
1357 1773 1445 1806 pau-

126 1803 201 1835 lum
225 1803 443 1834 immutatum
466 1802 527 1843 sit,
552 1802 612 1845 qui
634 1803 776 1845 quidem
803 1804 888 1838 haec
917 1806 1058 1849 patroni
1077 1812 1266 1850 praecepta
1286 1807 1446 1850 inprimis

129 1847 315 1880 observare
348 1852 382 1879 et
408 1852 571 1890 repetere
602 1848 754 1889 soleret,
782 1855 821 1880 ut
846 1851 950 1882 simul
976 1850 1083 1883 binae
1110 1862 1282 1894 personae
1308 1852 1343 1882 in
1377 1851 1447 1884 hoc

126 1903 290 1925 sermone
314 1891 557 1924 tantummodo
595 1891 774 1924 sodalibus
806 1896 952 1939 proprie
983 1894 1155 1928 destinato
1182 1897 1286 1928 simul
1314 1896 1445 1938 signifi·

129 1942 303 1970 cai-emur.
336 1936 518 1978 singulare
535 1941 652 1968 tamen
673 1943 709 1969 et
726 1938 852 1971 mirum
879 1945 951 1982 est,
969 1940 1005 1972 in
1023 1942 1221 1985 praeceptis
1241 1941 1288 1973 ibi
1309 1940 1446 1973 traditis

130 1981 232 2014 falsas
250 1992 306 2014 res
323 1981 413 2013 veris
433 1987 468 2013 et
484 1992 503 2013 a
523 1983 701 2014 communi
717 1994 781 2015 usu
796 1984 927 2018 alienas
941 1985 1075 2018 usitatis
1091 1986 1242 2020 misceri.
1260 1984 1445 2032 Heindorf:

132 2024 203 2070 (Cf.
219 2024 323 2060 Both.
343 2025 546 2072 Annotatt.)
