1526 2404
127 158 182 212 98
588 167 627 205 ρ.
657 165 839 192 uonA'ru
869 163 1026 191 FLAcm

127 263 403 316 Famosisque
433 262 673 311 laboribus3

179 318 346 356 Maturo
373 317 552 369 propior
580 316 725 356 desine
754 311 896 353 funeri

126 370 240 409 Inter
270 370 421 408 ludere
450 369 658 423 virgines,
1434 366 1462 407 5

180 423 238 462 Et
266 423 398 462 stellis
426 422 623 462 nebulam
653 432 856 475 spargere
885 419 1082 460 candidis.
1494 432 1497 435 ’

127 477 244 525 Non,
274 476 308 515 si
334 475 435 530 quid
462 474 807 526 Pholoe'ngsatis,

181 530 238 568 Et
265 537 332 579 te,
364 529 532 579 Chlori,
561 528 706 568 decet:
735 526 820 565 filia
845 527 1004 566 rectius

127 581 355 635 Expugnat
387 582 587 621 iuvenum
616 581 787 631 domos,

180 636 311 674 Pulso
342 635 492 687 Thyias
522 634 585 673 uti
610 634 773 674 concita
799 641 1009 687 tympano.
1032 633 1036 648 '
1133 658 1135 660 -
1414 645 1461 672 ιο

128 686 242 726 Illam
272 688 388 742 cogit
420 702 539 728 amor
565 687 696 727 Nothi
1421 687 1423 689 ’

182 742 383 781 Lascivae
413 742 592 781 similem
621 741 773 780 ludere
802 752 1004 794 capreae:

127 795 191 832 Te
220 794 339 834 lanae
367 808 505 848 prope
533 794 719 834 nobilem

181 849 347 887 Tonsae
374 848 597 887 Luceriam
613 877 624 898 ‚
657 861 743 886 non
770 846 978 898 citharae,
1005 844 1184 899 decent-¹,

124 899 213 939 Nec
238 899 318 939 flos
346 914 588 954 purpureus
615 912 764 950 rosae,
1411 898 1459 938 15

176 955 266 994 Nec
290 953 407 1009 poti,
435 954 646 1005 vetulam,
674 952 798 993 faece
827 961 950 993 tenus
984 951 1090 992 cadi.

625 1080 815 1120 cimam
844 1079 955 1122 XVI.

480 1168 570 1206 AD
610 1167 1095 1207 MAECENATEM.

189 1256 384 1290 Execratur
407 1259 567 1293 insanum
591 1256 792 1290 divitiarum
818 1266 996 1299 amorem,
1028 1266 1138 1300 seque
1171 1267 1282 1302 parvo
1307 1259 1452 1291 beatum

121 1302 289 1334 ostendit.

586 1348 741 1381 Metram
765 1345 868 1392 quod
886 1347 914 1380 Ι.
940 1347 974 1380 6.

117 1426 322 1465 Inclusam
350 1428 525 1466 Danaen
554 1427 683 1467 turris
712 1428 865 1476 aenea,

116 1479 420 1534 Robustaeque
450 1479 592 1530 fores⁷
623 1488 665 1519 et
690 1479 865 1532 vigilum
894 1491 1042 1519 canum

117 1532 278 1570 Tristes
308 1532 510 1571 excubiae
539 1533 774 1571 munierant
803 1531 900 1571 satis

167 1585 392 1624 Nocturnis
421 1585 471 1623 ab
501 1585 722 1636 adulteris3

114 1651 159 1690 Si
186 1666 269 1691 non
297 1652 529 1703 Acrisium,
561 1652 730 1705 virginis
760 1651 928 1690 abditae
1421 1653 1448 1693 5

114 1705 346 1744 Custodem
372 1705 598 1758 pavidum,
627 1705 788 1758 Iupiter
817 1713 860 1744 et
890 1705 1035 1747 Venus

110 1758 339 1797 Risissent:
368 1759 466 1798 fore
496 1759 605 1797 enim
633 1766 770 1797 tutum
793 1757 876 1797 iter
906 1765 950 1797 et
975 1765 1124 1812 patens

167 1811 386 1861 Converso
416 1811 459 1850 in
491 1811 677 1864 pretium
707 1812 818 1850 Deo.

109 1879 275 1918 Aurum
302 1893 382 1932 per
407 1878 570 1918 medios
601 1879 664 1918 ire
686 1878 911 1928 satellites,

109 1932 167 1971 Et
190 1945 472 1986 perrumpere
501 1940 611 1971 amat
639 1946 735 1970 saxa
764 1930 980 1984 potentius
1019 1970 1031 1981 ,
1397 1942 1445 1970 ιο

108 1985 200 2024 Ictu
228 1983 447 2025 fulmineo.
505 1984 698 2024 Concidit
727 1985 897 2038 auguris

159 2037 311 2092 Argivi
338 2038 488 2078 domus
518 2039 572 2079 ob
602 2039 778 2077 lucrum?

105 2167 128 2206 Γ
153 2179 187 2201 υ.
210 2178 261 2202 ιο.
287 2167 421 2213 Thyias
463 2181 504 2202 ro
519 2171 661 2212 vulgato
680 2167 801 2213 Thyas
816 2168 938 2201 Bentl.
955 2178 1061 2211 quem
1073 2167 1115 2200 V.
1131 2166 1177 2199 ad
1193 2165 1227 2198 11
1239 2189 1249 2208 ‚
1271 2178 1330 2211 19,
1344 2179 1379 2212 9.
1393 2187 1439 2194 —

105 2225 141 2248 v.
157 2213 207 2248 ιδ.
218 2213 351 2248 Plures
364 2212 419 2249 Co
451 2216 484 2250 d.
500 2220 536 2250 ct
548 2221 633 2249 vett.
644 2214 734 2247 Edd.
753 2215 868 2248 vecula
879 2212 1069 2249 cf.Beml.
1086 2217 1123 2246 et
1135 2211 1434 2248 Both-Anuotatt.
