1526 2404
127 198 182 247 34
586 208 626 247 ρ.
657 207 839 234 ιιοιιᾼτιι
869 206 1037 234 rancor

130 303 273 359 Quem
299 301 457 343 rodunt
487 316 631 342 omnes
659 301 857 342 libertino
887 308 1009 356 patre
1036 302 1201 352 natum;

133 357 254 397 Nunc
284 355 380 410 quia
409 356 486 395 sim
512 355 612 406 tibi,
641 357 885 405 Maecenas,
922 354 1168 405 convictor,
1197 362 1239 394 at
1266 355 1390 406 olim,

135 408 267 466 Quod
293 408 396 447 mihi
422 417 594 462 pareret
622 408 735 462 legio
762 410 952 447 Romana
978 406 1162 447 tribuum.

130 462 346 503 Dissimile
374 461 456 501 hoc
486 462 548 500 illi
577 468 663 511 est,
693 462 790 523 quia
819 475 927 510 non,
955 468 1004 500 ut
1031 459 1158 500 forsit
1183 458 1392 499 honorem

130 518 227 555 Iure
256 514 358 553 mihi
385 515 570 555 invideat
598 517 757 569 quivis,
784 515 840 554 ita
870 523 912 553 te
943 516 1118 568 quoqne
1141 512 1342 564 amicum,
1417 511 1470 552 50

130 569 392 610 Praesertim
421 576 590 607 cautum
619 569 768 620 dignos
803 580 1016 606 assumere
1049 580 1183 621 prava
1247 615 1250 618 ἢ

131 621 374 663 Ambitione
402 621 570 674 procul.
599 621 788 661 Felicem
818 620 962 659 dicere
990 633 1076 659 non
1102 619 1186 659 hoc

134 677 204 715 Me
233 688 429 727 possum,
461 688 559 714 casu
588 675 704 728 quod
731 683 776 713 te
806 674 979 713 sortitus
1008 672 1219 724 amicum3

132 728 257 770 Nulla
287 728 442 766 etenim
469 726 571 767 mihi
600 736 644 767 te
674 727 766 766 fors
793 726 947 766 obtulit
956 740 971 777 3
999 726 1183 779 optimus
1213 724 1314 764 olim
1431 767 1433 769 ,
1465 767 1468 768 ⁷

132 782 361 834 Virgilius,
390 788 488 833 post
516 780 628 820 hunc
657 781 833 830 Varius,
864 779 1010 818 dixere
1040 779 1144 834 quid
1171 791 1321 819 essem.
1417 776 1472 818 55
1520 790 1526 798 “

133 836 190 873 Ut
218 834 315 874 veni
344 847 512 884 coram,
542 833 756 887 singultim
783 846 918 886 pauca
944 833 1136 883 locutus,

134 887 273 926 Infans
303 900 484 940 namque
513 887 654 939 pudor
685 885 942 940 prohibebat
970 885 1094 939 plura
1122 883 1313 938 profari,

133 942 230 980 Non
258 953 339 993 ego
370 953 439 979 me
471 939 585 979 claro
614 948 758 979 natum
784 947 929 992 patre,
957 952 1043 978 uon
1069 951 1151 993 ege
1180 938 1340 978 circum

133 995 204 1035 Me
240 993 489 1032 Satureiano
519 994 681 1033 vectari
706 1007 807 1032 rura
837 990 1024 1042 caballo,

135 1047 223 1086 Sed
243 1046 358 1101 quod
380 1059 516 1095 eram,
536 1060 684 1085 narro:
713 1045 970 1099 respondes,
990 1053 1038 1084 ut
1055 1053 1154 1084 tuus
1175 1053 1240 1084 est
1257 1057 1363 1093 nos,
1419 1041 1472 1083 60

133 1101 297 1138 Pauca:
330 1097 461 1148 abe03
495 1107 538 1138 et
567 1112 749 1138 revocas
777 1112 891 1137 nono
919 1106 1019 1151 pest
1038 1095 1436 1150 mensae,iuhes·'1tie

136 1153 245 1191 Esse
273 1152 314 1190 in
344 1151 575 1192 amicorum
603 1165 801 1190 numero„
825 1153 1022 1204 Magnum
1047 1150 1138 1189 hoc*
1154 1164 1235 1203 ego
1256 1150 1392 1199 duco,

137 1204 269 1262 Quod
299 1203 439 1256 placui
466 1203 564 1253 tibi,
594 1204 666 1258 qui
697 1203 812 1256 izurpi
840 1203 1024 1242 secernis
1052 1203 1301 1253 honestum,

137 1263 233 1300 Non
259 1264 382 1318 patre
409 1256 629 1308 praeclaro
648 1286 661 1306 ,
689 1256 764 1295 sed
794 1256 880 1296 vita
910 1263 953 1294 et
983 1263 1163 1308 pectore
1188 1267 1314 1308 purO.

136 1314 272 1366 Atqui
300 1309 334 1348 si
362 1308 472 1349 vitiis
501 1309 785 1349 mediocribus
813 1322 862 1347 ae
889 1321 983 1347 mea
1010 1308 1154 1361 paucis
1419 1305 1472 1346 65

134 1364 339 1406 Mendosa
369 1370 432 1401 est
460 1371 630 1412 natura,
660 1362 740 1401 alio
771 1362 816 1400 ,υἱ
844 1369 984 1411 recta,
1014 1361 1132 1401 velut
1161 1359 1197 1400 si

136 1416 330 1473 Egregio
356 1415 569 1468 inspersos
597 1429 752 1468 repren
787 1429 829 1453 as
860 1427 1044 1468 corpore
1070 1427 1252 1463 naevos,

137 1472 184 1511 Si
210 1482 352 1523 neque
381 1468 597 1508 avaritiam
626 1481 766 1522 neque
795 1468 944 1506 sordes
974 1475 1045 1506 aut
1071 1467 1179 1506 mala
1210 1465 1346 1506 lustra

139 1523 326 1565 Obiiciet
355 1534 457 1561 vere
487 1521 709 1575 quisquam
737 1520 838 1559 mihi
847 1535 859 1572 3
888 1534 1019 1573 purus
1051 1528 1093 1559 et
1121 1520 1283 1570 insons,

137 1580 195 1618 Ut
221 1590 290 1616 me
320 1574 582 1623 collaudem,
610 1574 644 1613 si
673 1582 716 1613 et
749 1574 845 1613 vivo
867 1587 987 1614 carus
1013 1573 1160 1612 amicis,
1421 1584 1473 1624 70

140 1632 276 1671 Causa
306 1627 388 1666 fuit
419 1635 543 1679 pater
569 1627 656 1677 his,
686 1627 758 1681 qui
787 1640 929 1665 macro
959 1640 1126 1679 pauper
1154 1625 1292 1680 agello

139 1683 285 1723 Noluit
310 1680 352 1719 in
381 1681 502 1719 Flavi
532 1680 677 1718 ludum
706 1693 773 1719 me
802 1680 994 1730 mittere,
1023 1679 1164 1733 magui

141 1737 240 1798 Quo
269 1733 395 1789 pueri
421 1734 580 1786 magnis
608 1747 631 1772 e
661 1733 974 1772 centurionibus
1005 1733 1107 1782 orti,

139 1793 290 1831 Laeva-
314 1787 507 1839 suspensi
534 1786 698 1826 loculos
727 1785 999 1841 tabulamque
1022 1786 1209 1836 laecum,

142 1950 186 1957 --
207 1943 244 1962 υ.
268 1929 322 1972 47.
349 1939 425 1960 sum
451 1928 572 1972 plures
599 1926 715 1959 Codd.
738 1927 851 1966 Fene,
878 1927 1041 1957 aliorum.
1069 1924 1124 1957 Cs.
1146 1924 1270 1956 Heind.
1297 1942 1342 1948 —
1360 1934 1398 1954 v.
1415 1923 1471 1956 53.

139 1977 269 2021 possim
306 1972 423 2006 Codd.
458 1974 575 2013 Reae,
616 1974 788 2013 aliorum3
824 1972 960 2014 recepit
994 1969 1092 2002 Ialin.
1117 1976 1268 2014 possunt
1288 1967 1402 1999 Bentl.
1428 1977 1472 1999 ex

142 2019 265 2054 Schol.
300 2020 457 2060 itemque
491 2018 611 2061 plures
638 2016 727 2048 Edd.
753 2016 836 2049 vid.
862 2013 988 2048 Heind.
1019 2019 1053 2047 et
1078 2014 1128 2046 Bo
1149 2013 1183 2046 h.
1211 2013 1394 2045 Annotatt.
1427 2029 1474 2036 -—

140 2077 177 2098 v.
199 2063 254 2106 54.
285 2063 347 2095 tibi
366 2074 417 2094 me
442 2062 556 2094 Benll.
585 2074 627 2094 cx
646 2061 768 2094 Schol.
792 2061 900 2103 Cruq.
927 2066 963 2092 et
980 2070 1052 2091 uno
1070 2058 1161 2091 Cod.
1187 2057 1259 2090 Sed
1277 2056 1357 2089 Vid.
1382 2056 1472 2090 Ges-

141 2120 217 2142 ner.
235 2114 271 2141 et
286 2107 409 2139 Heind.
427 2125 472 2131 —
494 2118 531 2140 v.
550 2109 604 2140 55.
633 2107 813 2138 'rori-eutii
830 2106 968 2148 aliquot
985 2103 1100 2136 Codd.
1122 2103 1250 2135 Vsu-ux.
1277 2101 1331 2133 Cf.
1347 2100 1471 2133 Heind.

141 2173 187 2179 —-
208 2165 245 2186 v.
260 2153 317 2186 68.
344 2153 397 2184 Ita
423 2151 540 2186 Bentl.
567 2163 609 2183 cx.
633 2151 776 2184 Acrone
800 2156 835 2183 ct
859 2149 923 2180 Ed.
948 2148 1037 2181 Ven.
1070 2146 1166 2191 1490.
1193 2147 1288 2178 Olim
1314 2147 1405 2188 vulg.
1429 2155 1473 2177 ac

143 2198 249 2231 mala.
275 2196 367 2229 Cod.
397 2195 506 2239 Cruq.
528 2206 595 2228 τινι,-
617 2196 724 2231 mala,
747 2214 789 2221 -
821 2207 856 2229 v.
881 2203 934 2238 70.
963 2194 996 2226 si
1015 2194 1096 2226 vivo
1122 2200 1156 2226 et
1179 2203 1285 2226 carus
1308 2190 1470 2225 Lambin.

145 2255 226 2278 cum
251 2241 430 2275 veteribus
455 2242 598 2286 aliquot·
616 2240 705 2273 Edd.
1195 2251 1198 2254 ¹
