1526 2404
468 140 696 170 caminum
722 139 809 166 rin.
835 126 875 177 1,
903 138 966 176 ²7·
1326 124 1381 176 37

64 235 250 292 ΡὶιιιΡΙοῖ
281 235 436 277 dulcis:
463 234 520 274 nil
547 233 636 274 sine
667 241 712 273 te
745 232 831 272 mei

63 293 254 336 Possunt
279 288 487 339 honores3
513 287 625 327 hunc
658 285 810 326 fidibus
843 289 988 339 novis,
1334 295 1382 322 ιο

117 345 242 383 Hunc
273 342 428 383 Lesbio
468 353 633 381 sacrare
666 339 857 394 plectro,

169 398 319 452 Teque
351 403 530 450 tuasque
563 392 689 434 decet
725 406 907 434 sorores.

534 520 915 562 clmnxxvll.

431 609 535 648 AD
588 607 1014 649 SODALES.

126 701 282 737 Carmen
305 700 505 742 convivale,
529 709 602 744 quo
625 698 766 731 sodales
788 709 809 731 ι
827 700 911 732 rixis
935 703 973 732 et
992 697 1145 730 tumultu
1171 701 1327 729 revocat.

539 788 691 822 Meu-um
716 788 832 821 Cat-m.
857 799 892 832 9.
913 824 916 825 ⁷
942 828 963 834 .„

62 871 179 910 Natis
207 871 249 910 in
275 884 397 911 usum
439 870 621 910 laetitiae
650 868 813 921 scyphis

61 925 129 963 Pu
160 937 260 962 nare
288 925 498 964 Thracum
525 930 608 962 est:
638 922 774 961 tollite
809 921 1034 960 barbarum

161 989 279 1015 orem
288 1006 313 1025 ,-
327 975 699 1030 verecundumque
733 974 946 1014 Bacchum

170 1029 414 1083 Sanguineis
449 1028 673 1082 prohibete-
722 1028 833 1067 rixis.

67 1097 175 1139 Vino
198 1105 242 1137 et
257 1097 438 1145 lucernis
462 1096 610 1136 Medus
628 1097 815 1136 acinaces
1362 1098 1389 1136 5

66 1151 248 1190 Immane
275 1158 475 1205 quantum
501 1149 732 1203 discrepat!
760 1149 933 1204 impium

119 1203 268 1242 Lenite
296 1202 544 1246 clamorem.
573 1203 761 1251 sodales,

172 1258 231 1295 Et
256 1254 397 1295 cubito
425 1264 639 1295 remanete
675 1269 838 1311 presso.

41 1307 205 1367 'Vultis
233 1323 371 1363 severi
397 1336 466 1362 me
503 1337 673 1376 quoque
700 1336 868 1362 sumere

66 1381 237 1418 Partem
256 1374 453 1416 Falerni?
473 1374 585 1415 dicat
604 1376 815 1429 Opuntiae
1343 1390 1389 1415 ιο

122 1433 273 1471 Frater
299 1429 516 1483 Megillae‚
557 1444 641 1483 quo
669 1430 816 1469 beatus

174 1483 385 1530 Vulnere,
414 1495 496 1536 qua
520 1491 668 1535 pereat
706 1484 868 1537 sagitta.

72 1555 219 1594 Cessat
244 1548 465 1592 voluntas?
494 1564 578 1589 non
604 1550 682 1589 alia
706 1550 845 1590 bibam

69 1607 281 1646 Mercede.
317 1606 439 1666 Quae
465 1611 509 1642 te
535 1616 699 1657 cunque
729 1603 870 1644 domat
909 1606 1076 1657 Venus,

121 1662 216 1699 Non
243 1655 540 1698 erubescendis
577 1656 715 1695 adurit
1343 1670 1389 1697 ιε)

174 1712 365 1767 Ignibus,
389 1710 656 1764 ingenuoque
683 1723 853 1763 semper

71 1783 230 1822 Amore
256 1793 420 1834 peccas.
451 1777 668 1833 Quidquid
695 1778 847 1825 habes,
878 1793 978 1834 age,

71 1836 253 1889 Depone
276 1834 375 1873 tutis
404 1832 586 1871 auribus.
613 1854 667 1861 —
687 1831 756 1871 Ah
783 1832 933 1883 miser,

1017 1780 1042 1787 κ

139 1986 175 2007 υ.
198 1983 231 2016 9.
264 1974 470 2007 Emendavit
493 1973 613 2006 Bentl.
638 1985 743 2017 quem
766 1974 810 2005 V.
836 1972 1016 2007 Codicens
1041 1974 1132 2006 enim
1157 1971 1309 2016 Pimplea
1331 1977 1391 2004 aut

77 2019 205 2064 Piplea.
240 2037 287 2044 —
318 2032 355 2053 v.
381 2030 433 2055 ιο.
468 2020 522 2051 Ita
556 2018 678 2051 Bentl.
702 2029 722 2051 e
746 2019 855 2052 codd.
881 2020 1041 2063 aliquot;
1077 2019 1240 2063 plerique
1273 2023 1391 2049 tamen

74 2072 236 2110 prosunt.

78 2168 107 2201 Α
142 2123 301 2201 ΧΞᾸὛἸΙ,
324 2135 362 2158 υ.
378 2134 407 2157 ι.
431 2122 523 2156 Cod.
545 2122 659 2156 Vand.
682 2124 795 2156 nactis
816 2123 874 2163 in,
898 2134 1004 2166 quem
1028 2121 1071 2155 V.
1094 2123 1181 2156 coll.
1196 2120 1329 2154 Bothio
1356 2121 1390 2152 in

109 2179 179 2201 nno
195 2191 206 2200 .
1182 2200 1187 2203 .
