1526 2404
463 202 716 231 εΡιετοιΑιι.
743 202 829 230 mn.
854 190 914 244 11,
940 203 978 234 2.
1308 191 1393 244 157

74 299 231 340 Cetera
253 297 327 354 qui
352 296 464 338 vitae
492 303 684 337 servaret
708 295 846 336 munia
871 302 993 335 recto

71 354 215 404 More3
240 351 374 392 bonus
402 364 499 390 sane
524 349 706 400 vicinus,
737 349 920 388 amabilis
944 347 1123 403 hospes,

75 405 216 446 Comis
245 405 289 444 in
311 417 512 453 uxorem,
541 410 686 464 posset
711 402 784 457 qui
810 402 1030 456 ignoscere
1056 402 1215 455 servis,

73 458 132 498 Et
161 458 278 514 signo
303 457 418 496 laeso
444 470 528 496 non
554 455 731 495 insanire
756 455 952 509 lagenae,

72 512 224 552 Posset
252 510 327 564 qui
359 523 509 562 rupem
536 516 580 548 et
603 516 777 561 puteum
803 508 938 548 vitare
963 514 1188 561 patentem.
1310 509 1387 551 135

73 564 156 604 Hic
179 563 254 603 uhi
281 570 556 616 cognatorum
587 561 736 613 opibus
763 561 961 615 curisque
986 559 1175 600 refectus

72 617 248 670 Expulit
275 614 467 655 elleboro
494 614 688 654 morbum
714 614 927 667 bilemque
957 615 1152 664 ffieraco,

59 670 133 709 -Et
156 669 269 709 redit
295 667 347 707 ad
373 680 487 707 sese:
513 667 618 715 Pol,
644 680 712 706 me
738 666 971 715 occidistis,
1003 666 1146 717 amici,

73 724 169 762 Non
194 720 412 770 servastis,
444 721 520 771 ait,
553 719 621 759 eui
646 719 706 759 sic
733 727 897 759 extorta
922 720 1136 772 voluptas,

74 776 133 815 Et
161 775 324 814 demtus
349 786 428 826 per
453 774 538 813 vim
562 773 710 812 mentis
742 772 996 826 gratissimus
1024 786 1160 813 error.
1183 796 1239 802 —
1313 778 1388 822 140

75 827 281 867 Nimirum
307 839 456 887 sapere
488 834 552 866 est
583 825 754 865 abiectis
780 826 883 864 utile
908 826 1052 875 nuois,

76 882 135 920 Et
160 886 457 933 tempestivum
483 878 625 932 pueris
657 878 893 919 concedere
920 878 964 916 lu
993 893 1088 929 um,

76 934 142 974 Ac
171 947 256 973 non
278 931 411 973 verba
436 932 556 986 sequi
586 930 736 970 fidibus
763 931 1011 970 modulanda
1037 932 1214 982 Latinis,

78 986 165 1025 Sed
194 998 323 1025 verae
351 997 634 1039 numerosque
659 985 893 1037 modosque.
921 985 1110 1024 ediscere
1136 986 1262 1025 vitae.

79 1038 291 1090 Quocirca
308 1049 473 1076 mecum
491 1037 647 1100 loquor
666 1035 793 1086 haec,
811 1037 1044 1091 tacitusque
1064 1039 1293 1079 recordor:
1316 1038 1391 1088 145

79 1091 125 1131 Si
151 1090 228 1130 tibi
252 1090 363 1129 nulla
393 1090 503 1141 sitim
529 1091 667 1129 finiret
692 1091 812 1143 copia
841 1089 1057 1143 lymphae,

77 1146 278 1184 Narrares
304 1143 496 1182 medicis:
524 1143 639 1198 quod
665 1151 819 1196 quanto
845 1142 967 1203 plura
991 1143 1170 1196 parasti,

80 1199 215 1236 Tanto
239 1195 362 1249 plura
388 1195 526 1249 cupis,
558 1195 712 1234 nulline
738 1195 915 1235 faterier
940 1197 1068 1235 audes
1083 1195 1103 1235 ¹?

79 1250 127 1289 Si
156 1249 304 1290 vulnus
331 1247 408 1287 tibi
438 1256 664 1289 monstrata
694 1248 836 1288 radice
862 1249 935 1289 vel
959 1248 1092 1288 herba

77 1304 172 1344 Non
196 1301 319 1341 ficret
344 1301 501 1352 levius,
528 1302 700 1355 fugeres
726 1301 867 1340 radice
892 1302 963 1342 vel
994 1301 1128 1341 herba
1317 1304 1391 1346 150

77 1354 332 1396 Proficiente
362 1354 462 1392 nihil
490 1354 689 1395 curarier.
742 1355 970 1405 Audieras,
997 1355 1066 1394 cui

78 1410 189 1448 Rem
213 1409 272 1446 Di
297 1407 520 1458 donarent,
546 1407 606 1446 illi
633 1407 842 1446 decedere
870 1422 1042 1461 pravam

82 1460 306 1500 stultitiam
316 1474 329 1510 3
362 1467 424 1509 et,
451 1475 580 1515 quum
610 1460 664 1499 sis
690 1460 818 1500 nihilo
852 1461 1100 1514 sapientior,
1135 1476 1186 1502 ex
1214 1478 1299 1518 ‘1¹10

81 1513 256 1555 Plenior
286 1525 353 1561 es,
378 1520 518 1552 tamen
546 1513 678 1551 uteris
708 1513 982 1553 monitoribus
1014 1515 1183 1555 isdem?

82 1567 141 1607 At
167 1566 201 1606 si
233 1565 399 1605 divitiae
424 1566 673 1618 prudentem
703 1566 885 1605 reddere
916 1575 1111 1619 possent,
1316 1569 1391 1610 155

83 1620 130 1659 Si
155 1618 351 1671 cupidum
381 1617 654 1672 timidumque
679 1618 811 1656 minus
842 1626 907 1668 te:
940 1634 1090 1674 nempe
1118 1623 1317 1674 ruheres‚

82 1673 261 1714 Viveret
287 1670 329 1708 in
358 1670 483 1708 terris
514 1677 558 1709 te
590 1670 623 1708 si
653 1671 744 1724 quis
772 1672 936 1710 avarior
966 1687 1063 1713 uno.

85 1725 131 1764 Si
154 1723 374 1778 proprium
405 1730 488 1771 est,
514 1725 629 1776 quod
657 1723 748 1776 quis
767 1723 872 1762 libra
899 1734 1105 1766 mercatus
1129 1736 1170 1768 ct
1192 1743 1290 1769 aere
1307 1737 1394 1782 est,

87 1777 323 1830 Quaedam,
353 1775 388 1814 si
414 1776 550 1814 credis
578 1776 797 1825 consultis,
824 1778 1028 1830 mancipat
1052 1793 1173 1821 usus:

87 1830 172 1882 Qui
204 1837 248 1868 te
273 1828 407 1881 pascit
437 1842 557 1881 ager,
581 1835 678 1866 tuus
706 1836 790 1878 est3
823 1837 865 1867 et
895 1830 1058 1870 villicus
1091 1833 1226 1885 Orbi,
1321 1834 1396 1876 160

87 1883 228 1934 Quum
260 1889 424 1934 segetes
455 1888 574 1920 occat
603 1880 681 1919 tibi
706 1895 802 1920 mox
828 1881 1037 1923 frumenta
1067 1885 1259 1938 daturas,

87 1937 151 1975 Te
183 1934 394 1975 dominum
418 1934 566 1973 sentit:
602 1933 673 1972 das
700 1947 914 1987 nummos,
949 1937 1098 1991 accipis
1131 1955 1279 1992 uvam,

88 2109 135 2118 —
152 2103 191 2125 v.
217 2093 292 2126 152.
317 2091 434 2125 Codd.
457 2090 655 2134 donar-ent,
680 2090 883 2133 donarunt,
906 2092 1099 2128 donarant.
1121 2095 1235 2128 Bentl.
1250 2096 1394 2129 coniec-

90 2142 172 2170 tura
193 2136 380 2170 donar-int.
404 2156 448 2163 —
469 2149 509 2172 v.
535 2136 610 2180 154.
635 2137 834 2170 rationibus
855 2138 962 2172 isdem
1020 2142 1115 2174 lui-es
1150 2140 1267 2173 Codd.
1304 2151 1395 2184 quos

93 2187 276 2214 enumerat
296 2183 379 2216 Fea.
402 2201 448 2208 —
468 2194 506 2215 υ.
528 2184 603 2217 161.
626 2181 780 2216 daturas
801 2183 915 2218 Bentl.
936 2195 957 2219 e
979 2153 1096 2220 godd,
1113 2186 1222 2230 Vulg,
1241 2185 1396 2219 daturus

94 2226 195 2270 quod
215 2233 332 2261 servat
352 2229 436 2263 Fea.
458 2228 514 2262 Cf.
534 2234 735 2273 utrumque.
1028 2246 1031 2249 ·
