1526 2404
103 189 156 237 54
524 211 527 213 -
552 198 592 239 Q.
622 197 806 224 notu-1¹11
834 195 991 226 nacci

103 295 253 340 Missus
276 293 328 334 ad
347 293 430 332 hoc
445 323 456 343 ,
481 292 612 347 pulsis
625 322 635 341 ,
665 299 788 332 vetus
808 300 874 332 est
898 299 947 332 ut
967 289 1100 341 fama,
1120 290 1322 343 Sabellis,

105 349 205 411 Quo
229 362 282 388 ne
306 361 386 401 per
413 360 591 386 vacuum
609 347 802 385 Romano
821 346 1058 386 incurreret
1079 345 1233 391 hostis,

103 404 204 443 Sive
228 401 344 456 quod
366 400 533 454 Appula
554 414 676 454 gens,
699 413 776 439 seu
796 399 913 454 quod
934 398 1295 439 Lucania‘hellum

101 458 318 496 Incuteret
342 453 539 494 violenta.
582 453 668 492 Sed
687 453 756 493 hic
781 454 898 493 stilus
919 453 1032 492 haud
1050 461 1168 506 petet
1187 452 1300 492 ultro

105 510 371 564 Quemquam
392 508 659 557 animantem3
689 515 732 546 et
748 520 816 546 me
836 506 968 547 veluti
989 505 1197 546 custodiet
1216 505 1324 546 ensis
1372 512 1426 555 40

101 563 265 617 Vagina
281 569 441 610 tectus,
470 575 596 615 quem
618 574 695 599 cur
715 560 980 614 destringere
1002 573 1154 609 coner,

103 619 239 655 Tutus
265 615 315 655 ab
335 613 496 661 infestis
516 614 746 654 latronibus
759 613 778 652 ?
809 613 848 654 Ο
871 622 992 667 pater
1014 622 1057 653 et
1077 627 1155 658 rex

102 670 266 723 Iupiter
280 699 291 717 ,
319 677 367 708 ut
386 676 535 721 pereat
555 668 741 721 positum
761 667 954 720 robigine
979 668 1135 718 telum,
1254 704 1258 709 .

102 725 195 763 Nec
223 722 442 778 quisquam
461 729 611 761 noceat
631 721 785 773 cupido
804 721 905 760 mihi
922 720 1057 775 pacis!
1088 729 1129 761 at
1155 719 1227 761 ille
1240 751 1252 771 ‚

104 777 193 830 Qui
213 789 281 815 me
308 775 552 824 commorit,
581 775 749 828 (melius
777 789 861 813 non
882 783 1080 829 tangere,
1109 774 1266 828 clamo)
1374 775 1428 823 45

102 830 268 879 Flebit,
299 837 342 868 et
367 829 537 883 insignis
564 837 654 868 tota
680 827 912 868 cantabitur
937 827 1057 868 urbe.

105 883 282 923 Cervius
312 883 441 922 iratus
470 883 587 935 leges
615 882 830 921 minitatur
859 890 902 921 et
927 895 1095 921 urnam:

107 937 278 976 Canidia
305 936 476 986 Albuti,
506 935 655 990 quibus
687 944 750 976 est
777 935 962 985 inimica,
994 949 1220 975 venenumz

105 990 276 1030 Grande
303 990 459 1029 malum
489 989 665 1038 Turius,
697 989 732 1029 si
760 988 861 1044 quid
889 1002 934 1028 se
960 988 1098 1028 iudice
1129 997 1280 1029 certes.

103 1045 184 1094 Ut,
213 1057 297 1098 quo
328 1043 505 1098 quisque
535 1043 668 1092 valet,
696 1050 914 1095 suspectos
942 1050 1123 1093 terreat,
1151 1051 1284 1098 utque
1378 1041 1432 1083 50

104 1101 294 1150 Imperet
319 1097 401 1135 hoc
421 1105 568 1135 natura
588 1105 761 1148 potens,
791 1095 848 1134 sic
871 1095 968 1134 colli
1001 1109 1024 1134 e
1045 1109 1235 1136 mecum:

104 1151 245 1189 Dente
265 1150 410 1202 lupus,
440 1162 573 1187 cornu
598 1157 741 1187 taurus
761 1148 888 1200 petit3
919 1163 973 1186 un
1008 1162 1051 1198 e,
1080 1149 1157 1187 nisi
1184 1149 1294 1188 intus

104 1200 412 1243 Monstratum?
442 1202 627 1240 Scaevae
655 1201 845 1239 vivacem
874 1201 1002 1239 crede
1030 1202 1175 1254 nepoti

104 1258 305 1296 Matrem:
335 1255 392 1294 nil
421 1254 549 1293 faciet
578 1253 748 1293 sceleris
765 1254 834 1306 pia
856 1253 1050 1303 dextera;
1077 1277 1132 1282 —
1149 1255 1324 1305 mirum,

104 1311 163 1350 Ut
197 1322 336 1364 neque
375 1308 490 1347 calce
526 1308 651 1360 lupus
690 1298 965 1362 quemquam,
1000 1320 1138 1361 neque
1169 1307 1296 1352 dente
1322 1308 1432 1362 petit

273 1365 275 1368 ⁴
875 1371 877 1373 ·
900 1359 977 1399 bos
995 1374 1008 1411 3
1034 1383 1087 1395 -ε
1379 1362 1431 1402 55

107 1416 194 1456 Sed
221 1415 329 1455 mala
355 1415 479 1454 tollet
508 1428 630 1453 anum
657 1413 803 1453 vitiato
832 1414 958 1452 melle
988 1415 1138 1454 cicuta.

104 1472 169 1510 Ne
196 1470 370 1523 longum
395 1467 570 1516 faciam,
601 1481 677 1506 seu
703 1480 770 1506 me
798 1467 1020 1521 tranquilla
1048 1476 1242 1508 senectus

105 1525 357 1576 Exspectat,
389 1536 464 1561 seu
492 1534 606 1559 mors
635 1519 733 1558 atris
763 1519 1038 1559 circumvolat
1067 1521 1165 1572 alis,

105 1577 260 1626 Dives,
288 1576 430 1628 inops,
455 1576 638 1622 Romae,
668 1587 743 1612 scu
772 1572 862 1612 fors
891 1574 947 1622 ita
975 1574 1166 1627 iusserit,
1197 1575 1337 1627 exsul«,

66 1670 67 1673 ,
108 1629 308 1690 Quisquis
338 1628 418 1668 erit
448 1628 578 1680 vitae,
606 1626 805 1677 scribam,
834 1628 965 1669 color.

612 1695 916 1739 Trebatius.

967 1749 1005 1790 O
1034 1765 1165 1804 puer,
1193 1760 1241 1792 ut
1269 1753 1323 1791 sis
1378 1750 1430 1791 60

105 1802 474 1853 Vitalis,·ffl1etuo,
504 1811 547 1843 et
574 1803 780 1844 maiorum
806 1817 860 1843 ne
889 1804 979 1859 quis
1009 1804 1164 1848 amicus

105 1858 288 1911 Frigore
316 1864 359 1896 te
391 1856 527 1899 feriat.

105 2037 152 2049 ψ·-
174 2031 209 2052 υ.
227 2020 281 2064 37.
307 2030 381 2064 qua
401 2031 443 2050 ne
460 2020 594 2062 aliquot
614 2020 727 2052 Codd.
746 2020 906 2053 Lambin.
932 2020 986 2052 Cs.
1004 2017 1114 2052 Bentl.
1145 2038 1189 2043 —
1219 2028 1254 2049 v.
1273 2014 1326 2058 41.
1355 2014 1426 2048 dis-

108 2066 260 2107 tringere
284 2063 373 2097 Edd.
398 2065 554 2108 aliquot,
581 2077 663 2108 quas
686 2065 865 2098 Heindorf.
890 2066 1063 2108 sequitur,
1082 2075 1185 2106 quem
1202 2061 1283 2094 Vid.
1306 2062 1428 2094 collat.

105 2110 272 2152 Doering.
296 2128 339 2134 -—
365 2120 400 2141 v.
420 2108 474 2151 45.
501 2109 706 2142 commas-dit
725 2122 812 2142 unus
836 2110 924 2145 [lod.
954 2109 1048 2153 apud
1079 2107 1272 2141 Bentleium
1287 2131 1296 2147 ‚
1324 2117 1429 2150 quem

107 2155 161 2188 Cf.
187 2175 230 2180 —
255 2166 290 2188 v.
314 2155 368 2187 55.
391 2163 493 2198 petat
516 2155 630 2187 codd.
654 2157 783 2199 aliquot
803 2155 898 2199 apud
917 2155 1027 2187 Bentl.
1051 2154 1109 2198 qui
1126 2154 1219 2187 coni.
1245 2153 1368 2183 mir-um
1394 2151 1434 2184 m‘

107 2199 167 2236 aiut
185 2201 224 2232 si.
251 2199 302 2231 De
326 2201 611 2243 interpunctione
632 2202 703 2234 loci
725 2201 778 2233 (js.
800 2200 898 2234 Iahn.
929 2217 976 2225 —-
1005 2211 1041 2233 v.
1061 2199 1118 2232 58:
1142 2200 1194 2231 ita
1214 2197 1338 2230 luserit
1360 2197 1428 2229 Fen

109 2259 128 2283 e
150 2244 310 2295 pluribus
335 2244 448 2279 Codd.
700 2262 703 2264 —
