1526 2404
120 152 172 194 86
565 169 606 208 Q·
635 166 819 196 nonum
847 169 1003 196 FLAccl

118 265 275 303 Fertur
297 264 481 318 pudicae
510 265 700 320 coniugis
729 265 943 318 osculum,

118 319 370 373 Pax-vosque
398 326 540 370 natos,
569 326 617 358 ut
648 320 794 373 capitis
821 320 981 373 minor,

170 370 238 411 Ab
267 385 313 410 se
338 372 594 423 removisse,
624 380 667 413 et
693 373 857 413 virilem

221 427 389 464 Torvus
417 425 534 465 humi
558 427 753 480 posuisse
781 427 968 468 vultum:

115 501 265 539 Donec
293 499 481 539 labantes
509 501 683 540 consilio
710 503 860 542 Patres

115 553 325 592 Firmaret
354 562 501 593 auctor
528 569 739 609 nunquam
767 556 865 595 alias
895 556 1021 608 dato,

169 608 367 661 Interque
393 616 634 648 moerentes
655 610 809 650 amicos

223 660 434 714 Egregius
459 671 714 716 properaret
739 662 869 703 exsul.

114 735 246 789 Atqui
278 735 461 786 sciebat,
490 751 600 791 quae
626 736 708 778 sibi
734 736 936 778 barbarus

113 791 272 828 Tortor
298 798 487 843 pararet:
515 804 599 830 non
628 791 750 833 aliter
777 800 916 831 tamen

166 842 356 882 Dimovit
385 843 597 884 obstantes
625 844 911 900 propinquos,

219 897 276 935 Et
305 898 511 951 populum
539 898 699 938 reditus
728 906 985 951 morantem,

118 971 257 1028 Quam
285 973 319 1012 si
348 972 548 1012 clientum
580 973 707 1028 longa
733 974 905 1028 negotia

111 1025 352 1065 Diiudicata
382 1025 454 1065 lite
484 1026 770 1080 relinqueret,

163 1079 359 1118 Tendens
388 1079 650 1120 Venefranos
678 1080 719 1119 in
748 1094 896 1135 agros,

217 1132 302 1171 Aut
330 1132 709 1173 Lacedaemonium
738 1135 979 1174 'Parentum-

629 1259 820 1300 Cnmmv
845 1231 916 1303 ἡ.

507 1350 605 1389 AD
644 1348 1039 1390 ROMANOS.

153 1434 287 1467 Contra
311 1445 394 1467 suae
421 1435 545 1467 aetatis
571 1439 791 1467 contemtum
816 1435 997 1478 religionis
1023 1443 1060 1470 et
1083 1447 1204 1471 mores
1229 1443 1432 1483 corruptos.

582 1525 735 1558 Metram
761 1526 950 1560 Alcaicnm.

107 1600 273 1639 Delicta
296 1600 501 1638 maiorum
527 1599 759 1639 immeritus
791 1601 906 1652 lues,

106 1655 322 1702 Romane,
352 1653 487 1692 donec
515 1654 671 1707 templa
699 1655 928 1706 refeceris,

91 1718 93 1722 ¹
162 1707 306 1754 Aedes
336 1719 389 1745 ue
420 1706 609 1746 labentes
638 1708 852 1758 Deorum,
883 1718 926 1749 et

212 1761 302 1799 Foe
336 1774 357 1797 a
384 1759 505 1813 nigro
533 1761 751 1800 simulacra
779 1762 912 1802 fumo.

103 1835 182 1873 Dis
210 1841 254 1872 te
282 1834 487 1873 minorem
520 1836 633 1896 quod
663 1839 796 1891 geris,
824 1841 1030 1893 imperas:

103 1888 212 1926 Hinc
243 1899 365 1926 omne
392 1888 665 1941 principum,
694 1891 775 1931 huc
804 1893 923 1933 refer
953 1895 1120 1934 exitum.

156 1941 213 1979 Di
241 1941 370 1979 multa
400 1941 582 1995 neglecti
614 1944 824 1985 dederunt

211 1993 444 2048 Hesperiae
470 1995 577 2034 mala
606 1996 836 2039 luctuosae.

171 2166 200 2187 ν.
228 2153 282 2197 43.
306 2166 327 2186 ιι
352 2166 388 2187 se
411 2155 532 2199 plures
556 2154 674 2189 codd.
710 2157 752 2189 V.
775 2157 890 2195 Bentl.

168 2214 238 2256 Vl,
267 2226 295 2247 ν.
315 2216 348 2247 6.
374 2216 454 2249 Huc
478 2228 576 2249 omne
602 2216 743 2261 quidam
771 2215 888 2251 codd.
915 2217 1010 2263 apud
1033 2217 1200 2252 Torreat.
