1526 2404
106 126 131 166 6
560 140 599 179 Q·
621 140 811 166 nonu-11
841 141 995 168 FLAccl

114 244 201 303 Qui
226 243 295 294 fit,
321 246 566 299 Maecenas,
593 255 642 288 ut
667 263 814 300 nemo,
845 264 968 312 quam
996 249 1073 290 sibi
1101 260 1261 293 sortem

107 299 194 338 Seu
221 299 328 338 ratio
361 299 554 350 dederit,
579 315 656 341 seu
683 302 774 341 fors
804 303 1035 354 ob1eeerit‚
1062 304 1133 343 illa

108 353 341 391 Contentus
370 352 507 403 vivat,
532 354 676 394 laudet
706 355 874 395 diversa
901 356 1158 411 sequentes?

108 405 148 445 O
178 404 383 444 fortunati
410 407 695 450 mercatores!
725 409 864 461 gravis
894 410 1008 449 annis

107 457 228 497 Miles
258 458 336 507 ait,
364 459 498 498 multo
523 460 604 499 iam
632 460 792 501 fractus
820 458 1009 501 membra
1036 463 1197 505 labore.
1413 465 1440 505 5
1465 510 1470 515 ,

110 512 268 550 Contra
295 520 530 563 mercator,
558 514 697 554 navim
723 514 971 554 iactantibus
1001 517 1174 571 austris,

106 564 253 603 Militia
281 572 345 603 est
373 565 538 618 potior!
570 566 686 624 Quid
710 567 852 607 enim?
882 570 1170 610 concurritur:
1198 570 1331 610 horae

107 618 323 656 Momento
355 625 426 656 aut
455 619 535 658 cita
563 633 677 658 mors
706 621 823 660 venit
853 628 925 660 aut
953 621 1131 662 victoria
1155 623 1278 662 laeta.

107 670 353 723 Agricolam
376 671 520 711 laudat
548 672 650 722 iuris
681 672 913 727 legumque
939 675 1126 727 peritus,

111 722 199 761 Sub
229 723 328 777 galli
356 732 523 763 cantum
551 725 769 765 consultor
795 726 870 765 ubi
899 728 1006 766 ostia
1033 729 1185 782 pulsat.
1392 741 1440 768 ιο

112 776 212 826 Ille,
240 776 345 815 datis
375 777 548 816 vadibus
578 778 651 833 qui
680 793 784 819 rure
812 787 1022 819 extractus
1051 782 1094 821 in
1121 781 1272 821 urbem
1299 788 1386 831 est,

111 828 235 868 Solos
266 829 416 869 felices
443 830 634 870 viventes
668 831 820 872 clamat
846 832 889 871 in
915 833 1037 873 urbe.

111 882 267 921 Cetera
296 882 350 922 de
381 897 539 937 genere
570 884 676 934 hoc,
706 885 813 937 adeo
843 886 939 925 sunt
965 885 1122 936 multa,
1148 886 1374 949 loquacem

110 935 337 974 Delassare
365 937 508 976 valent
535 936 728 979 Fabium.
754 940 818 978 Ne
847 946 892 977 te
919 953 1088 990 morer,
1118 939 1215 979 audl

111 987 210 1042 Quo
238 1002 331 1028 rem
359 988 577 1029 deducam.
608 990 652 1028 Si
681 991 773 1046 quis
803 992 944 1042 Deus,
973 993 1038 1031 En
1067 1005 1172 1046 ego,
1199 992 1333 1044 dicat,
1393 992 1440 1033 15

110 1042 196 1079 Iam
223 1040 374 1080 faciam
402 1043 519 1097 quod
546 1043 693 1083 vultis:
724 1044 806 1084 eris
835 1052 905 1094 tu,
934 1045 1006 1099 qui
1032 1045 1160 1085 modo
1189 1046 1334 1096 miles,

111 1095 326 1133 Mercator
336 1109 348 1145 3
377 1103 447 1145 tu,
477 1096 692 1136 consultus
722 1097 874 1146 modo,
903 1098 1106 1137 rusticus:
1134 1098 1231 1138 hinc
1259 1112 1362 1148 voS,

113 1147 204 1187 Vos
237 1146 334 1186 hinc
361 1148 528 1187 mutatis
557 1148 762 1188 discedite
788 1149 990 1201 partibus.
1020 1151 1120 1199 Eia3

160 1199 232 1238 uid
259 1199 404 1238 statis?
432 1224 487 1229 —
512 1200 671 1238 Nolint.
701 1202 832 1254 Atqui
861 1201 962 1239 licet
989 1216 1082 1241 esse
1109 1201 1256 1241 beatis.

114 1199 230 1314 Sum
258 1266 407 1292 causae
436 1260 525 1300 est,
557 1252 710 1292 merito
741 1253 840 1307 quin
868 1253 949 1292 illis
978 1255 1137 1307 Iupiter
1167 1253 1307 1293 ambas
1390 1266 1440 1293 20

113 1308 247 1345 Iratus
276 1305 429 1345 buccas
457 1304 598 1356 inflet,
626 1318 766 1360 neque
794 1320 840 1345 se
870 1304 967 1345 fore
998 1307 1175 1360 posthac

116 1359 222 1398 Tam
250 1358 419 1398 facilem
447 1359 580 1409 dicat,
609 1359 717 1397 votis
748 1367 796 1398 ut
820 1358 1025 1411 praebeat
1054 1358 1230 1399 aurem?

114 1414 369 1462 Praeterea,
397 1424 450 1452 ne
477 1411 558 1460 sic,
587 1418 634 1449 ut
662 1411 735 1466 qui
762 1411 986 1460 iocularia,
1013 1412 1155 1452 ridens

114 1466 390 1504 Percurram:
421 1465 693 1518 (quamquam
723 1463 932 1503 ridentem
961 1465 1105 1504 dicere
1137 1478 1286 1504 verum

117 1518 233 1574 Quid
260 1516 405 1557 vetat?
431 1525 480 1555 ut
506 1516 779 1569 pueris·olim
807 1516 906 1555 dant
935 1518 1119 1559 crustula
1146 1516 1289 1557 blandi
1391 1518 1444 1558 25

115 1573 353 1619 Doctores,
383 1569 588 1608 elementa
617 1569 751 1608 velint
778 1578 826 1608 ut
855 1569 1019 1609 discere
1078 1570 1234 1623 rima2)

119 1623 206 1663 Sed
233 1630 375 1661 tamen
403 1629 542 1660 amoto
573 1635 822 1675 quaeramus
852 1622 961 1661 seria
988 1623 1033 1662 lu
1066 1636 1105 1662 o.

117 1678 193 1715 Ille
222 1688 397 1728 gravem
425 1673 532 1713 duro
562 1682 719 1713 terram
745 1675 817 1729 qui
845 1676 975 1715 vertit
1002 1684 1164 1724 aratro,

118 1728 312 1769 Perfidus
339 1727 407 1766 hic
436 1740 596 1781 caupo,
624 1727 768 1779 miles,
794 1736 1057 1784 nautaeque,
1082 1742 1163 1782 per
1192 1741 1316 1768 omne

181 1864 254 1896 Sat.
281 1863 319 1904 Ι,
345 1873 375 1903 1,
399 1873 436 1894 v.
454 1872 486 1894 2.
514 1862 587 1895 ulla
639 1873 680 1896 ro
707 1863 770 1897 illa
794 1865 868 1896 Fea
890 1874 935 1897 ex
962 1859 1081 1896 Codd.
1106 1862 1241 1896 multis.
1266 1859 1443 1911 Cf.·1alfn.

118 1921 155 1942 v.
181 1908 212 1950 4.
239 1909 343 1940 annis-
369 1917 491 1939 omnes
514 1906 594 1941 Cod
625 1932 634 1939 .
652 1914 689 1942 et
704 1915 793 1943 vett.
810 1907 902 1942 Edd.
924 1909 1030 1940 armis·
1056 1909 1151 1940 coni.
1175 1905 1303 1937 Buher.
1318 1906 1353 1936 iu
1369 1905 1443 1936 dna-

119 1955 174 1986 rio
189 1953 427 1986 Trevoltiensi
453 1953 534 1983 anni
564 1955 660 1995 ¹7¹5·
686 1954 762 1985 Iun.
788 1965 808 1986 a
826 1953 1011 1997 pluribus,
1037 1953 1145 1986 etiam
1161 1951 1235 1983 aF.
1251 1951 1292 1981 A.
1307 1948 1443 1999 Wolfio

120 1998 409 2042 comprobatum.
431 1995 485 2028 Cf.
500 1997 681 2029 Heindorf.
696 1996 810 2031 Both.
825 1998 1014 2031 Annotatt.
1034 1995 1134 2028 Iahn.
1156 2012 1203 2019 —
1223 2005 1262 2026 v.
1279 2004 1312 2036 7.
1330 1992 1443 2035 Quad-

120 2042 184 2081 ni?
203 2044 288 2075 Fea.
311 2053 330 2074 e
356 2039 479 2076 Codd.
507 2041 560 2073 Cf.
586 2042 692 2076 Both.
716 2043 868 2076 Annott.
891 2060 937 2067 —
959 2053 997 2073 v.
1019 2041 1052 2073 8.
1078 2048 1142 2079 aut
1165 2039 1235 2071 cita
1260 2038 1378 2072 Bentl.
1399 2049 1444 2071 ex

148 2093 276 2120 uatuor
297 2084 418 2120 Codd.
442 2087 565 2120 Lamh.
592 2087 731 2130 Reliqui
756 2087 825 2120 hoc
852 2087 963 2131 priori
987 2093 1052 2117 aut
1073 2089 1210 2117 carent.
1231 2081 1315 2116 Vid.
1338 2083 1444 2135 Hein-

122 2099 219 2167 dors.
241 2150 287 2158 -—
310 2143 347 2164 v.
371 2141 425 2173 29.
449 2131 545 2163 Hanc
570 2131 766 2165 lectionem
791 2133 966 2173 vulgatam
988 2128 1169 2161 Heindorf.
1193 2133 1339 2166 tuctur,
1370 2138 1444 2171 prn-

122 2188 219 2210 mum
242 2175 499 2210 a'Marklando
532 2176 784 2220 impugnatam.
811 2174 930 2210 Codd.
952 2175 1033 2207 Fea.
1066 2174 1188 2218 plures
1221 2182 1342 2217 campo
1375 2181 1442 2216 pro

1099 2267 1116 2277 ο
