1526 2404
394 168 400 177 ‘
447 177 684 204 sunnouun
709 176 794 203 ιιιι.
822 164 862 213 1,
888 179 920 203 ι.
1319 177 1345 217 q

33 273 171 315 Vicini
199 271 399 322 oderunt,
425 271 536 321 noti,
557 270 680 324 pueri
701 277 829 326 atque
849 269 1028 324 puellae.
1293 272 1347 312 85

27 325 214 376 Miraris,
246 339 375 380 quum
401 333 450 365 tu
476 331 650 378 argento
679 332 776 377 post
807 324 944 363 omnia
970 337 1125 378 ponas,

31 379 79 419 Si
104 392 228 418 nemo
255 385 468 436 praestet,
557 390 622 416 em
649 390 733 416 non
761 377 1005 428 mereariss
1025 375 1243 418 amorem?

27 432 95 472 An
119 431 155 471 si
181 439 404 493 cognatos,
428 392 554 470 nullPJ1
572 437 718 469 natura
743 429 889 470 labore

30 484 150 547 Quos
177 485 255 524 tib1
282 484 373 535 dat,
401 484 585 524 retinere
612 483 740 534 velis,
767 497 938 523 servare
999 497 1023 524 e
1050 484 1228 536 amicos,

28 537 180 578 Infelix
207 549 382 591 operam
408 537 560 591 perdas
572 551 587 584 εγ
616 543 665 575 ut
691 536 726 575 si
752 537 844 592 quis
871 550 941 576 ase
974 552 1043 576 um
1295 551 1349 591 qo

28 591 75 630 In
102 604 250 644 campo
280 590 430 630 doceat
456 597 673 644 parentem
700 603 874 630 currere
902 588 1064 630 frenis?

31 644 229 699 Denique
258 643 311 683 sit
339 642 429 682 finis
457 642 706 698 quaerendi3
744 656 914 698 quoque
941 643 1095 683 habeas
1122 643 1243 698 plus,

32 696 288 751 Pauper-iem
315 704 476 736 metuas
504 697 661 746 minus,
691 704 734 736 et
773 695 892 736 finire
927 696 1116 737 laborem

33 750 234 804 Incipias,
256 756 377 802 parto
406 749 522 804 quod
546 748 722 799 ambas,
747 763 802 789 ne
826 750 953 789 facias
971 750 1087 806 quod

33 802 267 843 Ummidius
294 802 483 857 quidam3
510 816 594 846 non
617 802 743 856 longa
764 811 828 843 est
850 802 1003 843 fabula.
1031 804 1188 855 Dives,
1298 805 1351 858 95

32 857 90 895 Ut
116 856 340 895 metiretur
366 870 580 906 nummos3
608 855 664 895 ita
693 855 914 906 sordidus,
939 865 987 896 ut
1014 870 1060 896 se

31 910 126 948 Non
157 922 339 963 unquam
366 922 490 949 servo
515 908 664 948 melius
692 909 887 959 vestiret,
916 909 968 948 ad
994 923 1129 965 usque

34 961 287 1014 Supremam
314 969 502 1015 tempus,
530 975 584 1002 ne
609 975 656 1001 se
714 962 858 1001 enuria
889 962 1020 1002 victus

34 1013 331 1075 opprimeret,
355 1015 582 1055 metuebat.
608 1015 667 1054 At
722 1028 802 1054 unc
829 1014 981 1055 liberta
1006 1017 1146 1056 securi

34 1067 190 1106 D1visit
213 1067 420 1118 medium,
445 1068 672 1108 fortissima
695 1068 1037 1120 Tyndaridarum.
1064 1093 1118 1099 —
1229 1108 1236 1112 ,
1281 1083 1352 1109 noo

34 1119 151 1212 guid
175 1119 235 1159 mi
261 1120 390 1174 igitur
417 1121 599 1160 suades?
625 1129 673 1161 ut
691 1121 828 1161 vivam
846 1122 1032 1162 Maenius
1055 1131 1127 1163 aut
1148 1122 1208 1162 sic

72 1180 92 1212 t
108 1172 422 1213 Nomentanus?
449 1198 503 1221 ÷
528 1175 678 1229 Pergis
698 1175 924 1228 pugnantia
945 1189 1089 1215 secum

33 1225 261 1266 Frontibus
289 1225 476 1267 adversis
492 1228 793 1282 'componere?
821 1229 916 1268 Non
945 1242 1052 1283 ego,
1075 1243 1246 1270 avarum

36 1279 179 1371 guum
202 1287 302 1319 veto
326 1287 370 1319 te
397 1279 512 1330 fieri,
540 1295 718 1335 vappam
742 1279 868 1320 iubeo
898 1295 945 1321 ac
973 1282 1238 1322 nebulonem.

77 1341 116 1371 st
142 1332 252 1371 inter
280 1334 433 1373 Tanain
462 1334 659 1388 quiddam
686 1347 966 1389 socerumque
995 1336 1155 1377 Viselli.
1281 1337 1353 1376 105

37 1385 117 1424 Est
146 1385 297 1424 modus
324 1386 366 1424 in
393 1386 544 1438 rebus,
576 1395 671 1427 sunt
698 1387 805 1426 certi
830 1387 1013 1443 denique
1040 1388 1166 1440 fines,

84 1450 163 1476 uos
190 1437 301 1477 ultra
329 1439 517 1495 citraque
542 1441 688 1496 nequit
716 1440 944 1481 consistere
971 1451 1149 1482 rectum.

40 1489 165 1539 Iluc,
194 1490 306 1529 unde
335 1491 437 1542 abii,
463 1493 611 1533 redeo.
642 1495 820 1533 Nemon'
845 1502 893 1534 ut
928 1509 1077 1535 avarus

40 1542 97 1581 Se
125 1541 303 1595 probet,
332 1558 378 1584 ac
405 1546 545 1599 potius
574 1547 718 1587 laudet
741 1546 905 1586 diversa
933 1557 1179 1603 sequentes;

45 1594 262 1658 Quodque
291 1596 423 1636 aliena
451 1600 612 1656 capella
639 1609 758 1655 gerat
781 1599 997 1642 distentius
1024 1604 1155 1654 uber,
1279 1615 1352 1641 uo

44 1764 91 1772 —
111 1757 149 1781 v.
175 1747 233 1780 88.
260 1748 316 1778 An
337 1747 369 1778 si
388 1745 510 1780 Bentl.
536 1760 555 1781 e
580 1757 699 1784 vetere
724 1751 845 1785 schol.
870 1758 905 1784 et
926 1752 1087 1795 pluribus
1111 1751 1230 1788 Codd.
1256 1755 1303 1785 At
1323 1753 1357 1784 si

39 1792 217 1835 plurimae
244 1790 335 1825 Edd.
363 1799 450 1827 vett.
487 1805 659 1835 amorem,
686 1801 737 1829 Ac
760 1798 792 1828 si
812 1798 934 1829 Heind.
962 1807 1005 1830 ex
1031 1801 1123 1832 coni.
1160 1802 1215 1831 An
1238 1799 1288 1830 sic
1307 1815 1353 1822 --

40 1837 200 1870 amicos?
230 1835 321 1869 Cod.
346 1837 481 1872 Valart.
508 1839 591 1873 Vid.
617 1842 636 1871 1⁷
651 1843 740 1875 entl.
767 1848 803 1875 et
826 1842 951 1876 Heind.
984 1861 1028 1868 -—
1063 1856 1100 1877 v.
1123 1855 1179 1887 92.
1205 1854 1352 1888 cumque

41 1882 97 1914 vel
109 1893 287 1927 quumque
309 1892 376 1924 pro
397 1895 537 1929 qnoque
555 1885 669 1918 Bentl.
694 1898 712 1918 e
740 1885 858 1920 Codd.
879 1894 915 1921 et
935 1893 1021 1922 vett.
1037 1888 1133 1926 Edd..
1158 1887 1351 1922 cnfleind.

38 1944 86 1951 —
110 1939 139 1960 ν.
156 1930 213 1969 95.
238 1927 277 1958 ln
302 1930 444 1961 nomine
469 1931 616 1974 proprio
641 1931 743 1964 valde
770 1934 804 1964 in
827 1932 943 1964 Codd.
969 1935 1139 1967 variatum
1165 1940 1238 1968 est:
1259 1933 1353 1965 Vim·-

42 1969 344 2011 dius,Numid1·us,
382 1973 558 2016 Umidius,
594 1976 699 2009 aliter
729 1975 813 2010 vid.
837 1976 951 2010 Bentl.
976 1985 1013 2012 et
1035 1981 1119 2012 Fea.
1153 1997 1199 2004 —
1238 1979 1352 2010 Bentl-

41 2017 136 2050 coni.
158 2018 307 2062 quitum
331 2028 400 2062 pro
422 2018 564 2063 quidam
589 2021 641 2052 Cf.
666 2019 790 2056 Heind.
816 2028 851 2055 et
873 2022 976 2057 Both.
992 2024 1139 2057 Annott.
1161 2042 1208 2049 —
1230 2036 1260 2056 ν.
1279 2032 1351 2056 100.

45 2059 308 2104 Zrndariarnm
334 2065 427 2097 coni.
454 2063 601 2107 Cuning.
627 2064 713 2098 Sed.
739 2067 781 2101 V.
809 2068 926 2101 Bentl.
958 2087 1004 2094 —
1041 2082 1070 2102 ν.
1090 2079 1163 2103 ιοι.
1201 2069 1352 2101 Naevius

42 2106 186 2147 plurimi
224 2105 341 2140 Codd.
373 2108 516 2141 Mevius
550 2109 642 2144 Edd.
679 2117 762 2145 vett.
799 2114 1006 2157 pleraeque.
1050 2115 1122 2147 Sed
1157 2114 1223 2149 Ed.
1261 2113 1351 2144 Ven-

41 2149 203 2182 Lambin.
229 2150 354 2186 Bentl.
391 2165 471 2186 cum
505 2155 684 2199 plerisque
709 2159 948 2191 recentiorum
972 2161 1134 2193 Illaenius
1158 2159 1204 2194 V.
1227 2156 1351 2191 Heind-

41 2210 87 2218 -
109 2193 200 2228 cod.
227 2194 346 2231 Bentl.
369 2210 417 2231 un
443 2200 511 2239 sic,
536 2197 609 2234 duo
635 2201 694 2234 alii
717 2202 812 2247 apud
837 2203 989 2238 eundem
1010 2217 1054 2238 ac
1075 2206 1136 2238 sic.

76 2262 198 2296 Horat.
221 2264 267 2298 11.
1051 2275 1074 2301 2
