1526 2404
98 153 154 194 58
546 170 585 210 Q.
617 168 801 195 nonArn
829 168 986 197 uaccx

98 260 230 300 Ducit
246 268 291 301 te
312 262 500 316 species,
523 263 673 304 video:
703 277 788 319 quo
806 264 993 319 pertinet
1014 274 1119 318 ergo
1151 274 1155 279 ’
1375 266 1430 307 35

98 315 313 355 Proceros
342 315 483 356 odisse
510 316 666 371 lupos?
725 318 792 357 uia
820 318 979 358 scilicet
1005 317 1085 357 illis

96 367 301 408 Maiorem
328 377 476 408 natura
502 370 677 411 modum
737 371 845 422 edit,
873 371 937 411 his
965 371 1098 412 breve
1124 371 1313 425 pondus:

94 421 263 461 Ieiunus
292 436 389 462 raro
420 424 660 465 stomachus
688 425 878 480 vulgaria
906 425 1068 465 temnit.

95 475 350 515 Porrectum
377 491 529 530 magno
558 493 754 533 magnum
782 487 974 532 spectare
1005 477 1141 518 catino
1305 513 1309 517 .

100 528 292 579 Vellem,
323 530 379 570 ait
407 532 602 584 Harpyiis
632 533 729 586 gula
759 533 884 586 digna
902 531 1145 585 rapacibus:
1174 540 1216 572 at
1246 545 1322 577 vos
1375 539 1429 582 40

93 582 346 622 Praesentes
365 584 511 624 Austri
529 587 698 641 coquite
719 586 874 626 horum
892 585 1080 639 opsonia.
1108 585 1374 648 Quamquam

93 636 223 675 Putet
250 651 352 690 aper
376 637 665 694 rhombusque
693 654 866 690 recem,
897 639 1005 678 mala
1033 640 1155 693 copia
1243 639 1350 680 ando

92 689 285 742 Aegrum
311 691 508 731 sollicitat
535 694 818 742 stomachum,
847 707 977 748 quum
1003 693 1151 746 rapula
1169 654 1327 750 ,[Ἥὲωιε

93 743 236 798 Atque
266 744 403 785 acidas
431 746 590 786 mavult
616 747 761 787 inulas.
795 746 986 785 Necdum
1015 746 1147 786 omnis
1175 746 1322 789 abacta

93 797 326 850 Pauperies
356 799 490 852 epulis
519 814 692 854 regum:
714 814 815 839 -nam
843 799 994 839 vilibus
1024 800 1115 839 ovis
1223 803 1227 807 '
1373 797 1427 846 45

91 850 318 905 Nigrisque
347 860 412 892 est
440 853 543 893 oleis
569 854 697 894 hodie
727 855 860 893 locus.
902 852 1029 893 Haud
1054 854 1113 893 ita
1137 853 1307 907 pridem
1366 903 1373 910 N

94 902 263 943 Galloni
290 907 510 958 praeconis
541 917 632 947 erat
660 909 906 961 acipensere
935 914 1081 946 mensa
1373 934 1375 936 >

91 956 281 997 Infamis:
312 959 414 1013 quid
429 959 448 998 ἱ)
476 969 566 1000 tum
593 962 794 1001 rhombos
815 962 950 1000 minus
970 973 1157 1015 aequora
1174 957 1377 1004 alebant?

92 1012 227 1050 Tutus
260 1021 350 1051 crat
376 1013 602 1066 rhombus,
632 1023 813 1070 tutoque
840 1014 999 1058 ciconia
1024 1014 1150 1066 nido,

90 1064 242 1103 Donec
268 1078 345 1104 vos
376 1075 524 1106 auctor
550 1069 695 1108 docuit
721 1070 977 1122 praetorius,
1011 1070 1130 1122 Ergo
1371 1066 1425 1107 50

89 1117 137 1155 Si
169 1117 260 1172 quis
287 1133 398 1158 nunc
427 1134 597 1173 mergos
627 1135 776 1161 suaves
806 1122 986 1162 edixerit
1019 1134 1155 1172 assos,

88 1170 264 1209 Parebit
290 1172 411 1224 pravi
439 1173 587 1213 docilis
612 1176 798 1213 Romana
825 1175 1032 1219 iuventuS.

90 1223 297 1263 Sordidus
327 1238 351 1262 a
376 1226 495 1264 tenui
525 1227 639 1267 victu
671 1226 862 1278 distabit,
893 1227 1042 1267 Ofello

89 1277 253 1328 Iudice3
280 1292 376 1317 nam
402 1277 562 1318 frustra
592 1280 736 1320 vitium
765 1281 963 1320 vitaveris
990 1281 1121 1332 illud,

90 1329 135 1369 Si
162 1338 205 1369 te
229 1330 309 1369 alio
323 1346 486 1384 'pravus
509 1333 751 1373 detorseris.
777 1334 1047 1383 .Avidienus‚
1368 1334 1422 1375 55

89 1383 170 1422 Cui
201 1383 326 1423 Canis*
345 1398 398 1424 ex
415 1399 520 1426 vero
543 1387 702 1426 dictum
722 1400 958 1440 cognomen
982 1388 1207 1440 adhaeret,

93 1437 397 1495 Quinquennes
427 1440 541 1479 oleas
570 1448 634 1479 est
663 1448 706 1479 et
734 1442 941 1480 silvestria
968 1455 1120 1493 corna,

86 1490 151 1530 Ac
180 1491 258 1529 nisi
284 1499 486 1531 mutatum
515 1493 652 1547 parcit
679 1494 917 1534 defundere
955 1495 1119 1543 vinum,
1149 1505 1194 1535 et

89 1543 217 1583 Cuius
247 1544 426 1585 odorem
454 1547 539 1586 olei
565 1561 751 1601 nequeas
786 1547 1008 1601 perferre,
1040 1548 1206 1602 (licebit

86 1597 161 1636 llle
191 1598 379 1651 repotia2
405 1600 586 1650 natales,
619 1601 779 1641 aliosve
810 1601 975 1642 dierum
1366 1601 1418 1643 60

84 1651 238 1694 Festos
266 1651 425 1692 albatus
454 1653 662 1706 celebret)
695 1668 827 1694 cornu
854 1655 944 1708 ipse
980 1655 1124 1695 bilibri

88 1704 288 1743 Caulibus
316 1704 507 1759 instillat,
537 1707 694 1748 veteris
720 1722 805 1750 non
830 1723 985 1763 parcus
1014 1709 1137 1750 aceti.

84 1887 130 1895 —-
163 1880 193 1900 v.
219 1868 275 1902 38.
310 1867 485 1901 Bentleius
514 1867 608 1901 hunc
640 1880 778 1902 versum
817 1879 884 1914 pro
917 1870 1039 1914 spurio
1074 1868 1195 1901 habuit
1223 1867 1267 1900 ad
1302 1867 1346 1900 A.
1373 1868 1412 1900 P.

83 1926 114 1946 v.
135 1915 212 1957 337.
238 1915 316 1946 ram·
336 1924 402 1958 pro
425 1924 508 1944 raro
537 1924 577 1945 cx
602 1914 743 1947 Acrone
764 1915 888 1947 Heind.
915 1916 970 1947 Cl'.
994 1915 1160 1957 Douring,
1187 1919 1220 1947 et
1245 1912 1342 1944 Iahn.
1367 1930 1414 1937 —

83 1971 114 1991 v.
138 1958 193 2000 4ο.
233 1959 323 1991 Velle
343 1959 394 1991 αιέ
418 1970 484 2002 pro
517 1960 641 1991 Vellem
674 1961 766 1992 coni.
794 1960 918 1992 Hcind.
947 1961 999 1991 (ΖΓ.
1026 1958 1126 1991 Both.
1153 1958 1334 1990 Annotatt.
1366 1975 1414 1982 —

83 2016 113 2036 v.
127 2003 182 2046 41.
206 2005 401 2048 Pleraeque
427 2004 511 2035 olim
529 2005 643 2037 Codd.
663 2005 823 2051 quamvis
844 2016 910 2049 pro
928 2014 1144 2050 quamquam
1161 2003 1212 2034 Cr.
1228 2002 1352 2035 lleind.
1366 2021 1412 2027 —

82 2061 113 2081 v.
133 2050 186 2083 53.
214 2047 368 2082 distabat
384 2048 498 2081 Codd.
516 2050 660 2093 aliquot.
680 2050 758 2082 vid.
776 2051 888 2082 Bcntl.
909 2068 954 2075 -—-
978 2062 1007 2081 v.
1027 2050 1080 2082 55.
1105 2059 1239 2093 pravus
1261 2059 1279 2080 e
1294 2047 1410 2079 Codd.

83 2095 195 2126 Bentl.
221 2106 326 2138 quem
345 2093 425 2127 Vid.
452 2094 553 2138 vulg.
578 2106 738 2139 prauum.
769 2113 812 2119 —
845 2107 874 2127 v.
897 2097 951 2129 56.
978 2093 1122 2126 ductum
1149 2094 1266 2136 plures
1295 2092 1410 2124 Codd.

84 2145 118 2172 et
142 2145 221 2172 vett.
239 2139 328 2171 Edd.
347 2138 428 2171 Vid.
453 2139 562 2172 Bentl.
580 2139 705 2173 Heind.
724 2146 758 2173 et
773 2141 854 2173 Fea.
879 2154 925 2166 ——‘-
947 2152 977 2172 v.
995 2140 1050 2172 58.
1076 2136 1273 2182 dgffiuzdere
1291 2137 1409 2169 Codd.

84 2186 218 2229 aliquot
243 2191 275 2218 et
299 2190 381 2218 vett.
401 2184 490 2216 Edd.
518 2186 570 2217 (Χ.
596 2185 778 2219 Heind.—-
801 2198 830 2218 v.
845 2186 902 2219 62.
927 2185 1052 2229 largus
1065 2194 1132 2229 pro
1147 2193 1281 2228 parcus
1291 2181 1408 2214 Codd.

82 2231 173 2264 Feae
198 2236 234 2264 et
257 2229 320 2264 Ed.
345 2230 468 2275 princ.
484 2231 537 2263 Cf.
563 2230 686 2264 Heind.

1459 907 1480 928 f
