1526 2404
441 161 669 189 cAnmuun
697 160 783 187 mn.
811 147 893 199 lv,
924 162 982 188 ιο.
1306 146 1378 189 ι33

51 276 54 282 ·
114 256 266 306 Vultu,
293 270 373 310 per
398 256 609 297 obstantes
630 263 819 295 catervas

166 308 379 363 Explicuit
407 323 480 349 sua
508 309 646 349 victor
673 323 798 348 arma.

62 384 157 424 Non
179 383 462 438 possidentem
488 385 619 425 multa
646 382 865 423 vocaveris
1328 384 1381 432 45

60 437 198 476 Recte
222 436 413 488 beatum;
439 438 595 479 rectius
621 443 800 490 occupat

112 491 276 530 Nomen
298 489 432 541 beati,
459 491 530 546 qui
557 491 749 530 Deorum

163 543 405 584 Muneribus
431 545 641 598 sapienter
664 542 747 592 uti,

61 619 306 672 Duramque
334 619 458 658 callet
483 617 727 678 pauperiem
754 618 865 670 pati,

61 671 272 725 Peiusque
297 671 384 711 leto
411 669 613 724 flagitium
638 670 781 721 timet,
820 712 823 718 ,
979 695 989 697 >
1330 668 1383 708 50

113 725 204 763 Non
231 723 302 763 ille
329 737 410 777 pro
438 723 545 762 caris
571 723 733 771 amicis,

166 776 252 816 Aut
277 778 411 830 patria
434 776 601 816 timidus
628 777 782 830 per-ire.

588 903 777 942 CAmtmc
804 903 855 942 X.

462 991 550 1030 AD
587 992 977 1032 LIGURINUM.

105 1089 341 1124 fastidiosum
364 1096 403 1124 et
426 1091 621 1136 superbum
645 1093 680 1124 in
705 1097 881 1125 amatores
904 1100 1056 1136 puerum
1076 1090 1219 1130 monet,
1242 1099 1286 1122 ne
1308 1088 1383 1120 for-

63 1147 143 1170 mae
166 1147 250 1169 suae
274 1136 452 1180 periturae
475 1137 623 1168 nimium
650 1135 823 1171 confidat.
843 1135 846 1138 ’

570 1207 724 1246 Metrm'n
756 1213 787 1249 Ῑ.
821 1224 875 1248 11.

66 1293 108 1335 Ο
138 1293 318 1333 crudelis
347 1294 507 1343 adhuc,
537 1302 581 1333 et
604 1294 784 1335 Veneris
812 1292 1052 1332 muneribus
1076 1302 1251 1344 potens,
1279 1312 1282 1318 ι

64 1347 275 1400 Insperata
298 1356 397 1387 tuae
452 1361 551 1385 uum
579 1347 717 1387 veniet
742 1347 892 1399 pluma,
911 1346 1154 1398 superbiae,

66 1400 144 1449 Et,
171 1413 279 1455 quae
303 1413 412 1440 nunc
423 1362 615 1439 (immeris
635 1400 875 1449 involitant‚
904 1399 1139 1438 deciderint
1160 1410 1305 1437 comae

69 1453 190 1492 Nunc
214 1461 257 1492 et
279 1454 351 1515 ([ιιί
372 1454 492 1493 color
513 1460 576 1492 est
595 1454 796 1505 puniceae
817 1451 924 1492 flore
944 1452 1062 1505 prior
1081 1465 1228 1501 rosae,

66 1505 246 1544 Mutatus,
265 1506 507 1560 ngiuinum
527 1506 569 1544 in
590 1506 740 1546 faciem
767 1505 942 1545 verterit
962 1504 1186 1557 hispidam:
1360 1502 1385 1542 5

67 1556 221 1606 Dices,
252 1558 356 1597 heu!
387 1559 550 1612 quoties
569 1567 612 1599 te
634 1559 807 1612 speculo
830 1558 984 1597 videris
1006 1560 1204 1596 alterum:

69 1609 193 1710 Suae
215 1624 330 1649 mens
350 1619 413 1650 est
434 1610 584 1661 hodie,
605 1626 681 1651 cur
701 1611 850 1651 eadem
868 1625 952 1650 non
971 1624 1106 1664 puero
1127 1608 1239 1649 suit?

112 1665 151 1704 el
172 1677 249 1704 cur
267 1663 331 1702 his
352 1663 492 1703 animis
513 1664 742 1704 incolumes
760 1678 846 1703 non
864 1665 1045 1704 redeunt
1064 1663 1227 1717 genae?

115 1821 168 1862 X,
190 1833 227 1854 v.
241 1833 272 1854 α.
294 1821 364 1854 Pro
386 1821 505 1866 plmna
518 1820 640 1853 Benu.
655 1820 749 1853 coni.
762 1820 897 1853 bruma.
913 1819 972 1856 Cf,
985 1821 1068 1852 Fea.
1092 1839 1139 1846 -·
1159 1833 1195 1853 v.
1213 1820 1244 1853 5.
1273 1820 1379 1863 Ligu-

72 1866 146 1899 rinc
171 1865 292 1901 Codd.
317 1867 388 1899 duo
415 1867 582 1898 Torrent.
604 1864 686 1898 vid.
709 1865 821 1898 Bentl.
842 1883 890 1891 —
910 1866 993 1899 v.6.
1016 1866 1071 1898 Ita
1090 1867 1236 1911 plurimi
1261 1864 1379 1898 Codd.

74 1917 111 1944 et
129 1911 218 1945 Edd.
234 1916 318 1945 vett,
342 1912 412 1944 Alii
434 1913 473 1944 in
491 1909 641 1956 speculo.
666 1909 749 1943 Vid.
771 1911 857 1944 Fea.
