1526 2404
496 197 751 226 narona.
779 197 866 224 un.
892 185 921 224 1.
951 200 983 225 ι.
1320 187 1395 227 nos

79 293 207 334 Plebs
232 294 329 338 eris.
354 293 413 334 At
435 292 560 348 pueri
588 291 805 340 ludentes,
833 289 928 331 Rex
959 291 1067 343 eris,
1098 291 1235 343 aiunt,

80 347 126 387 Si
150 355 266 388 recte
292 347 438 388 facies.
466 346 547 385 Hic
574 359 718 385 murus
748 348 903 385 aeneus
931 352 1047 395 esto,
1342 345 1395 386 60

78 401 147 440 Nil
173 397 362 440 conscire
388 399 490 448 sibi,
519 399 631 438 nulla
657 398 890 452 pallescere
920 398 1058 452 culpa.

78 454 254 503 Roscia,
277 453 346 493 dic
375 453 523 501 sodes,
549 452 700 491 melior
725 452 817 499 lex,
846 465 896 490 an
952 465 1157 492 uerornm
1184 461 1250 493 est

77 507 253 556 Naeuia,
281 519 389 562 quae
415 520 591 556 regnum
616 513 735 544 recte
762 505 918 544 facient
963 518 1011 543 us
1038 505 1189 555 affert,
1288 536 1298 553 ,

78 559 135 599 Et
159 559 344 599 maribus
374 559 509 598 Curiis
538 566 582 599 et
608 557 827 597 decantata
866 558 1079 598 Camillis?

77 612 172 652 Isne
198 613 275 651 tibi
296 612 444 652 melius
471 611 642 661 suadet,
670 611 764 667 qui,
790 625 882 651 rem
909 611 1063 662 facias3
1092 625 1207 661 rem,
1341 609 1395 652 65

78 665 124 705 Si
154 666 311 719 possis,
339 673 482 714 recte3
509 665 545 704 si
576 678 683 714 non,
711 665 1119 719 quocunque'modo
1146 679 1262 716 rem,

77 719 135 758 Ut
160 718 334 780 pro-pius
361 725 528 771 spectes
554 718 772 757 lacrimosa
807 721 1004 771 poemata
1031 720 1164 772 Pupit

78 771 145 810 An
172 786 268 826 qm,
294 770 490 810 fortunae
515 780 561 811 te
594 784 844 824 responsare
870 771 1077 824 superbae

77 823 281 864 Liberum
307 823 352 864 et
381 831 592 874 erectum,
618 838 818 877 praesens
849 823 1044 864 hortatur
1071 833 1115 864 et
1143 825 1290 878 aptat?

121 877 217 917 uod.
237 878 272 917 si
296 891 365 917 me
390 878 572 938 populus
599 878 812 916 Romanus
841 877 956 917 forte
990 892 1040 917 ro
1073 887 1139 928 et,
1166 892 1244 918 cur
1341 894 1395 932 70

117 944 193 981 on,
220 939 268 970 ut
293 930 546 984 porticibus,
575 930 634 970 sic
665 930 827 969 iudiciis
861 929 981 969 fruar
1006 935 1041 969 is
1074 945 1164 980 cm,

77 985 167 1023 Nec
193 997 345 1038 sequar
372 992 442 1022 aut
468 983 649 1038 fugiam,
677 997 787 1038 quae
816 983 952 1037 diligit
978 983 1070 1045 ipse
1096 985 1168 1025 vel
1202 985 1315 1025 odit:

79 1036 195 1077 Olim
223 1036 338 1091 quod
366 1037 512 1089 vulpes
539 1050 587 1076 ae
643 1045 714 1075 oto
745 1044 866 1075 cauta
891 1037 1005 1076 leom
1367 1040 1369 1042 ’

76 1089 334 1145 Respondit,
359 1088 565 1129 referam:
637 1090 704 1128 uia
730 1103 798 1128 me
830 1090 1004 1144 vestigia
1029 1099 1193 1130 terrent

78 1142 231 1182 Omnia
255 1151 301 1182 te
328 1142 550 1182 adversum
577 1143 829 1196 spectantia,
860 1144 974 1189 nulla
998 1153 1247 1183 retrorsum.
1340 1145 1394 1194 75

75 1195 228 1235 Benna
260 1196 491 1236 multorum
526 1200 582 1236 es'
603 1196 798 1249 capitum.
822 1198 947 1257 ‘Nam
977 1197 1080 1277 qpid
1105 1196 1287 1252 sequar?
1324 1206 1395 1237 aut

927 1263 1016 1289 em.

74 1301 180 1341 Pars
204 1301 420 1343 hominum
447 1302 575 1357 gestit
593 1302 834 1343 conducere
860 1263 1051 1356 prulblica3
1080 1311 1176 1343 sunt
1199 1304 1273 1358 qui

80 1355 241 1395 Crustis
269 1363 313 1394 et
335 1355 471 1408 pomis
499 1355 645 1395 viduas
668 1365 875 1395 venentur
906 1370 1073 1407 avaras,

75 1407 381 1462 Excipiamque
404 1422 548 1459 senes,
580 1422 685 1464 quos
713 1410 755 1448 in
782 1409 939 1449 vivaria
964 1410 1126 1449 mittant
1135 1424 1149 1461 3

75 1460 218 1500 Multis
244 1462 411 1500 occulto
441 1459 592 1501 crescit
618 1476 688 1501 res
716 1461 881 1502 fenore.
914 1463 1077 1503 Verum
1342 1465 1394 1504 80

76 1513 206 1562 Esto,
225 1513 312 1551 aliis
339 1514 442 1553 alios
462 1515 590 1554 rebus
619 1514 851 1570 studiisque
879 1516 1035 1555 teneri:

77 1564 208 1604 Iidem
236 1565 381 1605 eadem
406 1577 581 1619 possunt
609 1568 756 1607 horam
786 1569 939 1607 durare
966 1566 1225 1621 probantes?

76 1618 224 1656 Nullus
242 1618 285 1656 in
316 1618 419 1657 orbe
448 1620 558 1659 sinus
583 1621 694 1659 Baiis
723 1621 941 1673 praelucet
970 1622 1176 1671 amoenis,

78 1669 124 1709 Si
151 1670 253 1709 dixit
280 1670 419 1721 diveS,
446 1673 561 1711 lacus
590 1681 633 1712 et
661 1687 777 1712 mare
805 1674 930 1712 sentit
957 1688 1144 1713 amorem

78 1724 115 1762 F
118 1724 327 1762 estinantis
355 1723 471 1775 heri3
498 1725 566 1764 cui
594 1725 628 1764 si
659 1725 803 1765 vitiosa
829 1726 960 1764 libido
1342 1729 1395 1770 85

78 1777 250 1816 Fecerit
277 1777 528 1827 auspicium,
556 1791 646 1817 cras
672 1778 929 1817 fem-amenta
956 1780 1145 1819 Teanum

79 1829 281 1878 Tolletis,
307 1829 432 1869 fabri.
459 1832 613 1870 Lectus
645 1831 816 1884 genialis
846 1832 887 1870 in
916 1833 1008 1871 aula
1034 1841 1121 1872 est:

78 1883 146 1922 Nil
173 1883 228 1922 ait
256 1896 348 1923 esse
375 1883 520 1938 prius,
546 1884 692 1924 melius
718 1885 777 1925 nil
804 1884 963 1925 caelibe
990 1885 1096 1940 vita3

82 2050 125 2083 Si
141 2051 410 2098 quadringena}
428 2063 489 2084 sex
505 2058 571 2086 etc.
581 2077 590 2085 .
604 2077 613 2086 .
626 2078 636 2086 .
661 2051 809 2094 desunt,
835 2053 905 2086 Est
918 2055 1055 2087 animus
1076 2055 1154 2088 tibi.
1164 2081 1174 2088 .
1187 2081 1196 2089 .
1209 2055 1371 2102 fidesque
1380 2080 1392 2097 ,

79 2096 178 2128 Plebs
196 2099 274 2131 eris.
297 2118 344 2124 —
367 2111 396 2131 v.
412 2098 470 2140 65.
495 2099 590 2141 Pupi
608 2099 717 2131 Bentl.
744 2111 763 2132 c
788 2099 903 2131 Codd.
928 2100 1031 2142 vulg.
1056 2101 1180 2145 Puppi.
1204 2103 1257 2134 Cf.
1280 2104 1392 2134 Bentl.

81 2146 114 2173 et
134 2143 215 2174 Fea.
239 2162 286 2169 -
309 2157 338 2176 v.
356 2145 537 2188 69.0p1aae
557 2144 646 2175 Cod.
662 2145 776 2184 Fene,
800 2144 866 2176 Ed.
890 2145 1054 2189 princeps
1072 2149 1275 2190 multaeque
1291 2149 1392 2179 aliae.

80 2185 160 2218 Vid.
176 2187 285 2220 Benu.
300 2196 334 2221 et
349 2191 430 2221 Fen.
457 2208 498 2213 —
524 2201 553 2221 v.
571 2190 624 2231 56.
648 2197 699 2221 est
718 2201 783 2233 pro
803 2202 837 2220 es
859 2190 967 2221 ssentl.
992 2202 1033 2222 ex
1048 2192 1142 2223 coni.
1168 2193 1222 2223 (js.
1241 2192 1390 2224 Gesner.

55 2239 61 2245 '
81 2247 125 2254 —
147 2242 177 2262 v·
192 2233 246 2274 78.
257 2233 392 2278 'fi-ustis
411 2245 477 2278 pro
491 2236 617 2268 crustis
642 2233 756 2267 Codd.
778 2235 908 2278 aliquot
919 2235 1029 2275 Fene,
1054 2237 1112 2269 alii
1135 2243 1169 2269 et
1191 2236 1254 2268 Ed.
1275 2238 1390 2279 princ.
