1526 2404
129 160 182 202 24
571 168 611 207 Q·
642 166 825 192 uontru
854 165 1012 193 imaum

177 275 231 301 uo
258 268 507 315 personatus
535 267 660 314 pacto
687 267 822 312 pater.
851 260 950 310 His,
982 273 1065 315 ego
1093 254 1202 316 quae
1229 272 1362 312 nunc,

173 316 245 354 lim
275 328 383 370 quae
414 314 580 368 scripsit
617 313 823 364 Lucilius,
861 313 1013 367 eripias
1044 313 1079 353 si
1358 362 1362 366 ι

129 371 344 422 Tempora
374 376 491 407 certa
524 366 784 422 modosque,
814 374 858 406 et
884 367 1002 423 quod
1026 367 1144 421 prius
1172 366 1322 408 ordine
1358 379 1453 408 ver-

920 419 1022 460 bum
1049 428 1114 460 est

122 475 346 527 ¹Posterius
376 473 529 523 facias,
557 485 823 526 praeponens
851 474 997 513 ultima
1053 450 1188 515 rmils:

127 530 247 579 Non,
273 536 319 568 ut
347 528 382 567 si
408 527 568 576 solvas,
599 528 854 581 »Postquam
881 527 1021 567 discor
1054 527 1089 567 'a
1106 535 1217 569 tetra
1403 527 1455 569 60

130 583 243 622 Belli
271 581 456 621 ferratos
483 588 628 634 postes
656 589 886 635 portasque
913 581 1141 635 rest-egita>

127 635 316 676 Invenias
345 635 471 675 etiam
499 633 662 673 disiecti
688 635 876 674 membra
903 637 1071 688 poe‘tae.

127 691 342 728 Hactenus
370 688 496 727 haec:
526 687 647 738 alias,
674 686 829 727 iustum
856 688 909 728 sit
934 701 1068 727 necne
1093 690 1270 750 poe'ma,

127 744 248 782 Nunc
277 741 382 781 illud
408 749 569 781 tantum
597 754 818 795 quaeram,
845 741 1053 781 meritone
1078 741 1156 781 nbi
1191 742 1245 781 sit

132 796 387 849 Suspectum
414 808 546 849 genus
574 793 657 834 hoc
687 794 911 834 scribendi.
945 795 1108 835 Sulcius
1145 808 1245 834 acer
1402 793 1455 836 65

127 850 329 889 Ambulat
356 857 399 888 et
431 847 629 901 Caprius,
662 848 778 887 rauci
804 849 912 888 male
942 862 1124 904 cumque
1157 847 1332 898 libellis,

128 904 303 957 Magnus
340 911 522 957 uterque
553 901 680 940 timor
711 901 966 952 latronibus3
994 911 1038 941 at
1066 902 1177 942 bene
1210 901 1245 941 si
1271 901 1363 957 quis

128 957 186 996 Et
214 957 327 997 vivat
350 956 467 1009 puris
493 953 704 1004 manibus,
728 964 966 995 contemnat
991 963 1233 1012 utrumque.

128 1011 185 1049 Ut
212 1010 265 1049 sis
294 1017 341 1049 tu
370 1009 511 1049 similis
541 1009 659 1047 Caeli
685 1008 907 1065 Birrique,
934 1010 1164 1060 latronum,

128 1064 224 1102 Non
247 1077 335 1117 ego
369 1077 484 1113 sum,
514 1062 641 1115 Capri
668 1075 806 1117 neque
836 1063 943 1102 Sulli
952 1077 965 1114 3
994 1076 1071 1103 cur
1099 1071 1260 1103 metuas
1287 1061 1388 1103 me?
1403 1075 1456 1115 70

129 1115 253 1154 Nulla
281 1115 457 1155 taberna
482 1128 600 1154 meos
626 1114 779 1154 habeat
804 1129 943 1170 neque
968 1116 1054 1170 pila
1080 1115 1269 1166 libellos,

114 1168 264 1230 ‚Queis
293 1182 437 1207 manus
465 1168 632 1207 insudet
659 1168 776 1221 vulgi
802 1170 964 1208 Hermo
999 1169 1172 1224 enisque
1199 1169 1376 1222 Tigelli,

130 1224 220 1261 hec
248 1222 382 1261 recito
411 1220 625 1276 cuiquam,
653 1221 731 1259 nisi
759 1221 920 1271 amicis,
948 1223 963 1261 i
994 1236 1076 1277 que
1104 1229 1298 1272 coactus,

130 1277 226 1315 Non
254 1275 411 1325 ubivis,
440 1287 636 1314 coramve
669 1273 939 1329 quibuslibet.
971 1275 1019 1314 In
1044 1274 1184 1314 medio
1214 1275 1288 1329 qui

133 1329 299 1382 Scripta
328 1327 426 1368 foro
455 1328 655 1378 recitent,
681 1335 776 1367 sunt
801 1327 944 1379 multi,
969 1329 1126 1383 quique
1154 1328 1342 1368 lavantes
1351 1343 1365 1380 3
1404 1330 1457 1380 75

132 1382 272 1422 suave
301 1381 419 1421 locus
450 1381 543 1421 voci
571 1389 741 1420 resonat
769 1381 1003 1421 conclusus.
1032 1383 1178 1421 Inanes

132 1437 229 1474 Hoc
258 1436 394 1485 iuvat,
425 1434 537 1474 haud
564 1433 667 1472 illud
696 1442 971 1487 quaerentes,
998 1441 1097 1474 num
1123 1435 1211 1475 sine
1239 1448 1388 1486 sensu,

135 1491 349 1551 Tempore
378 1502 477 1527 num
504 1487 660 1527 faciant
688 1489 835 1527 alieno.
863 1511 918 1518 -—-
944 1489 1137 1528 Laedere
1172 1488 1359 1543 gaudes,

134 1543 293 1597 Inquit,
323 1550 366 1581 et
391 1541 474 1580 hoc
499 1541 638 1580 studio
666 1555 820 1594 pravus
847 1541 965 1582 facis.
993 1566 1047 1573 —-
1075 1541 1192 1582 Unde
1224 1543 1403 1596 petitum

134 1597 231 1635 Hoc
259 1595 301 1634 in
329 1608 398 1634 me
428 1594 556 1634 iacis?
587 1603 650 1634 est
679 1603 825 1634 auctor
851 1596 942 1650 quis
971 1595 1151 1651 denique
1179 1609 1351 1647 eorum,
1405 1598 1458 1636 80

136 1649 234 1691 Vixi
262 1662 356 1689 cum
385 1647 568 1703 quibus?
595 1647 824 1688 Absentem
853 1649 925 1703 qui
951 1650 1065 1689 rodit
1093 1649 1293 1701 amicum,
1386 1660 1391 1664 ’

139 1702 225 1760 Qui
251 1716 333 1741 non
363 1701 554 1741 defendit
582 1702 662 1740 alio
691 1702 910 1756 culpante,
946 1703 1107 1743 solutos

180 1755 222 1794 ui
251 1763 388 1809 captat
420 1755 527 1794 risus
557 1755 772 1794 hominum
800 1756 1045 1811 famamque
1068 1756 1246 1807 dicacis,

135 1811 320 1863 Fingere
349 1809 423 1870 qui
451 1822 534 1848 non
564 1809 648 1848 visa
675 1817 837 1862 potest,
867 1811 1085 1849 commissa
1122 1817 1267 1849 tacere

138 1864 224 1926 Qui
246 1870 412 1918 nequit:
432 1862 500 1902 hic
523 1862 644 1917 niger
667 1871 751 1914 est,
771 1863 883 1903 huuc
901 1871 971 1915 tu,
991 1864 1204 1915 Romane,
1222 1869 1384 1903 caveto.
1405 1861 1459 1902 85

137 2041 183 2051 -—-
205 2035 235 2056 v.
253 2033 305 2067 70.
333 2021 455 2068 Caprii
470 2033 488 2055 e
508 2022 669 2066 pluribus
687 2022 803 2058 Codd.
822 2021 945 2057 Bentl.
968 2020 1043 2059 Sed
1067 2021 1151 2058 vid.
1176 2022 1304 2058 Heind.
1317 2043 1363 2049 —
1382 2035 1458 2057 sum

138 2071 261 2115 plures
288 2068 403 2101 Codd.
419 2069 600 2101 Torrentii
627 2069 806 2113 probante
831 2070 956 2102 Heind.
983 2082 1088 2114 quem
1117 2067 1173 2102 Cf.
1198 2070 1303 2113 Vulg.
1325 2071 1460 2102 sim.—

139 2127 171 2147 v.
198 2116 250 2158 73.
289 2114 424 2146 recitem
461 2108 581 2149 Codd.
619 2116 756 2158 aliquot
788 2116 949 2147 Lambin.
983 2116 1174 2161 quicquam
1200 2125 1268 2159 pro
1294 2117 1459 2161 cuiquam

139 2171 229 2193 unus
253 2158 349 2193 Cod.
374 2159 533 2199 Bentlei,
558 2171 662 2202 quem
686 2161 729 2192 V.
753 2161 840 2194 coll.
865 2161 989 2193 Heind.
1013 2181 1056 2186 —
1082 2173 1110 2192 v.
1130 2170 1183 2202 79.
1206 2161 1321 2205 inquit
1343 2160 1458 2192 Bentl.

142 2216 161 2240 e
187 2201 305 2239 Codd.
329 2206 508 2238 revocavit
521 2227 533 2245 ‚
560 2214 665 2248 quem
691 2206 732 2239 V.
761 2206 848 2240 coll.
872 2206 997 2240 Heind.
1024 2206 1122 2239 Olim
1146 2206 1237 2250 vulg.
1261 2207 1390 2251 ιἰιᾳιιιζε.
