1526 2404
502 170 743 211 stnxouluu
770 171 857 199 mn.
883 156 934 199 11.
960 161 1001 202 ὁ.
1366 164 1424 221 87

104 269 285 310 Ventum
312 274 381 308 est
406 265 639 320 Esquilias,
667 265 799 306 aliena
824 266 996 322 negotia
1024 276 1193 311 centum

103 323 192 362 Per
218 330 344 378 caput
377 329 420 361 et
451 322 561 360 circa
592 319 742 359 saliunt
770 319 891 359 latus.
919 320 1030 360 Ante
1062 322 1288 367 secandam

105 374 282 417 Roscius
306 374 451 415 orabat
470 373 549 413 sibi
576 372 741 412 adesses
768 372 820 412 ad
846 373 998 412 Puteal
1023 386 1129 415 cras.
1365 371 1421 422 35

104 429 173 468 De
197 437 247 469 re
273 427 485 469 communi
516 425 676 465 scribae
698 437 764 464 ma
825 439 847 464 a
876 432 1002 481 atque
1027 439 1138 467 nova
1164 430 1211 470 te

105 481 294 522 orabant
317 479 446 521 h‘odie
471 477 769 530 meminisses‚·
824 478 959 529 uinte,
994 481 1167 522 reverti.

102 535 315 587 Imprimat
342 534 429 582 his,
459 545 589 584 cur-‘³2
607 532 824 570 Maecenas
855 531 972 585 signa
1003 532 1181 574 tabellis.

102 587 296 631 Dixeris,
328 586 555 639 Experiar:
586 582 631 623 Si
661 584 743 633 vis,
767 591 911 638 potes,
941 584 1058 625 addit
1094 595 1136 627 et
1163 589 1299 630 instat.

102 641 314 694 Septimus
342 644 494 679 octavo
516 637 694 692 propior
723 637 805 676 iam
842 636 1005 690 sugerit
1030 653 1181 691 annus,
1206 680 1213 685 ,
1366 649 1420 693 40

101 694 167 732 Ex
197 707 281 748 quo
310 693 527 731 Maecenas
557 703 626 730 me
653 691 795 744 coepit
820 688 979 730 habere
1009 705 1184 732 suorum

101 747 146 785 In
177 759 376 795 numero,
417 744 616 784 duntaxat
634 743 686 782 ad
711 742 815 792 hoc,
843 755 970 797 quem
997 745 1150 785 tollere
1166 746 1300 788 rheda

102 799 245 840 Vellet
266 800 347 838 iter
372 794 555 848 faciens,
585 804 629 837 et
653 795 720 835 cui
745 793 1006 836 concredere
1025 808 1154 852 nugas

101 853 197 892 Hoc
226 866 383 907 genus,
412 852 532 891 Hora
565 857 696 908 quota
733 847 826 888 est?
854 849 1085 928 '1'h1*e{est
1115 852 1282 892 Gallina
1309 852 1419 907 Syro

924 916 992 942 ar.
1161 912 1165 918 ‘

100 957 301 997 Matutina
330 971 479 1011 pamm
505 963 651 996 cautos
682 956 764 995 iam
793 917 956 1008 frigdia
989 956 1207 998 mordent:
1366 962 1420 1009 ’45

100 1011 158 1050 Et
184 1024 293 1065 quae
318 1011 473 1050 rimosa
498 1009 613 1049 bene·
639 1010 908 1062 deponuntur
934 1008 977 1047 in
1003 1018 1120 1049 au‘re.

98 1063 186 1102 Per
212 1071 348 1102 totum
370 1063 452 1102 hoc
482 1069 650 1114 tempus
678 1061 908 1101 subiectior
937 1061 979 1099 in
1018 1061 1131 1102 diem
1159 1071 1205 1104 et
1229 1064 1379 1105 horam

99 1115 283 1156 Invidiae
307 1124 465 1156 noster.
504 1115 649 1154 Ludos
678 1113 935 1167 spectaverit
963 1126 1069 1166 una,

97 1167 268 1210 Luserit
292 1169 334 1208 in
362 1181 532 1221 campo:
559 1169 775 1207 Fortunae
801 1165 932 1215 filius,
962 1180 1121 1208 omnes.

98 1220 294 1275 Frigidus
322 1236 346 1260 a
367 1221 534 1260 Rostris
562 1228 700 1260 manat
724 1233 805 1273 per
832 1219 1015 1274 compita
1040 1235 1209 1262 rumor:
1366 1224 1420 1264 50

98 1272 266 1366 guicun
297 1288 352 1314 ue
375 1273 524 1313 obvius
551 1281 637 1323 est,
664 1286 732 1312 me
756 1273 959 1315 consulit:
986 1272 1029 1313 O
1051 1271 1191 1324 bone,
1219 1289 1315 1315 nam
1333 1284 1379 1316 te

131 1327 237 1378 cire,
266 1290 384 1367 {eos
439 1326 607 1366 uoniam
630 1325 805 1379 propius
829 1325 1057 1379 contingis,
1083 1335 1282 1384 oportet,

97 1381 206 1419 Num
225 1381 327 1434 quid
346 1380 400 1419 (le
411 1342 549 1418 tlJacis
570 1378 750 1417 audisti?
768 1402 823 1407 —-
843 1378 911 1416 Nil
933 1379 1143 1433 equidem.
1162 1404 1218 1411 —
1235 1382 1291 1421 Ut
1308 1389 1356 1422 tu

99 1431 278 1486 Semper
294 1433 375 1472 eris
399 1432 584 1471 derisor!
602 1453 657 1461 -—
676 1432 733 1470 At
753 1444 896 1470 omnes
917 1432 975 1470 Di
996 1426 1209 1485 exagitent
1226 1447 1318 1484 me,

99 1483 144 1522 Si
163 1486 401 1540 quidquam,
419 1509 474 1514 ——
491 1483 638 1544 Quid?
663 1482 864 1522 militibus
883 1485 1087 1535 promissa
1110 1486 1335 1541 Triquetra
1362 1489 1415 1529 55
1459 1535 1465 1539 ‚

97 1537 277 1576 Praedia
301 1539 455 1576 Caesar
480 1551 530 1575 an
551 1545 615 1575 est
636 1538 736 1576 Itala
762 1536 915 1575 tellure
938 1537 1143 1576 daturus?

98 1590 307 1630 Iurantem
333 1603 403 1628 me
432 1589 540 1628 scire
561 1588 662 1627 nihil
690 1589 893 1627 mirantur
919 1598 966 1627 ut
991 1604 1120 1628 unum

99 1642 268 1682 Scilicet
296 1642 458 1695 egregii
485 1641 705 1680 mortalem
739 1641 894 1694 altique
927 1642 1078 1687 silenti.

97 1694 299 1734 Pel-ditur
319 1694 424 1733 haec
449 1694 558 1732 inter
579 1693 733 1731 misero
757 1693 828 1730 lux
842 1722 852 1741 ‚
882 1707 964 1732 uon
986 1694 1073 1733 sine
1099 1694 1228 1735 votis:

100 1747 140 1788 O
162 1761 233 1786 rus
246 1777 258 1796 ‚
280 1746 445 1801 quando
468 1758 548 1798 ego
567 1753 610 1784 te
630 1744 884 1798 adspiciam?
906 1746 1159 1808 quandoque
1179 1746 1344 1801 licebit,
1364 1750 1416 1792 60

98 1802 217 1839 Nunc
240 1808 431 1839 veterum
449 1797 589 1847 libris,
616 1811 725 1836 nuuc
752 1810 897 1836 somno
919 1806 962 1837 et
979 1798 1181 1840 inertibus
1206 1800 1322 1842 horis

98 1854 269 1893 Ducere
298 1852 499 1892 sollicitae
526 1849 706 1890 iucunda
734 1847 889 1890 oblivia
916 1851 1055 1891 vitae?

99 2019 141 2026 —
161 2013 199 2034 v.
216 2000 270 2044 44.
298 2002 334 2034 T
330 2002 426 2034 lit-ax
448 2001 608 2034 Lambin.
634 2019 675 2026 -
698 2012 735 2034 v.
754 1999 809 2043 48.
831 2001 883 2034 Ita
900 2001 1016 2034 nenti.
1038 2002 1159 2035 locum
1182 2004 1412 2049 interpunxit,

99 2046 263 2090 idemque
283 2058 348 2090 pro
369 2049 459 2089 vulg.
479 2054 722 2091 spectaveratf
730 2046 881 2085 luserat,
906 2046 1004 2079 dedit
1021 2058 1039 2079 e
1057 2047 1173 2080 Codd.
1193 2052 1411 2093 spec-zama.

98 2090 229 2123 lum-ic.
272 2091 341 2123 Sed
366 2093 459 2133 Fen,
490 2097 532 2123 ut
556 2092 643 2124 olim
663 2091 870 2134 vulgabatur
891 2091 1059 2131 retiuuit:
1092 2092 1264 2126 Itwidiae:
1293 2103 1413 2128 noster

99 2134 202 2167 ludos
221 2145 437 2179 spectaverat
455 2148 527 2170 ιιιια
538 2160 548 2175 ,
577 2135 726 2168 Luserat
749 2141 816 2168 etc.
837 2136 893 2168 Cf.
913 2136 1037 2169 Heind.
1072 2156 1102 2163 -—
1126 2149 1163 2171 v.
1182 2140 1236 2182 57.
1261 2140 1413 2173 minum·

99 2177 214 2213 Bentl.
237 2191 279 2213 ex
299 2192 368 2214 uno
385 2182 474 2214 Cod.
499 2182 571 2214 sed
589 2180 645 2213 bs.
669 2181 794 2213 Heind-
