1526 2404
505 175 742 204 sannionum
770 176 856 202 mn.
889 162 919 200 1.
955 174 1015 201 ιο.
1175 192 1209 222 ῳ
1366 171 1421 213 ¹⁸9

105 270 247 310 Comis
274 276 318 310 et
345 269 552 321 urbanus;
580 269 712 309 fuerit
738 268 919 308 limatior
943 267 1080 317 idem,
1367 268 1420 308 65

148 338 245 363 uam
270 323 387 363 rudis
415 331 459 363 et
486 323 657 362 Graecis
685 322 827 362 intacti
853 322 1044 362 carminis
1073 330 1243 373 auctor,

105 323 328 471 §namque
354 379 578 430 poetarum
605 375 816 415 seniorum
842 375 986 415 turba:
1013 375 1090 414 sed
1114 377 1210 427 ille,

137 446 153 470 ι
174 430 291 470 foret
314 428 397 469 hoc
424 437 615 469 nostrum
643 428 732 468 fato
761 427 923 468 delatus
950 428 992 467 in
1021 442 1195 479 aevum,

104 485 335 524 Detereret
358 481 437 522 sibi
464 482 618 533 multa,
644 480 856 522 recideret
886 495 1030 532 omne,
1059 482 1177 538 quod
1202 481 1314 520 ultra

103 535 352 577 Perfectum
379 535 644 586 traheretur,
671 543 715 575 et
739 534 782 574 in
809 548 936 575 versu
962 535 1158 575 faciendo
1367 546 1421 585 7⁰

106 591 242 643 Saepe
273 596 397 642 caput
425 587 641 636 scaberet,
669 588 787 628 vivos
817 596 859 627 et
883 588 1061 628 roderet
1086 601 1261 642 ungues.

106 643 244 696 Saepe
269 643 410 681 stilum
434 649 602 691 vertas,
628 641 781 680 iterum
808 654 916 696 quae
945 641 1071 696 digna
1098 641 1183 681 leui
1211 641 1317 690 sint,

106 696 348 749 Scripturas
357 708 370 745 3
399 707 561 756 neque,
589 701 634 734 te
659 702 707 734 ut
732 694 909 734 miretur
936 695 1085 743 turba,
1113 673 1305 743 labores,

108 749 339 789 Contentus
366 760 508 800 paucis
534 747 774 788 lectoribus.
817 748 884 787 An
908 756 982 787 tua
1009 747 1180 788 demens

105 801 270 844 Vilibus
298 801 340 840 in
366 799 474 839 ludis
503 800 650 842 dictari
678 801 859 840 carmina
885 799 1033 840 malis?
1367 798 1422 850 75

106 857 201 894 Non
222 867 327 908 ego3
345 867 437 892 nam
457 854 553 893 satis
573 862 637 892 est
655 854 840 908 equitem
857 854 959 892 mihi
975 853 1195 907 plaudere,
1213 860 1261 892 ut
1273 851 1423 903 audax,

111 906 342 947 Contemtis
361 906 448 945 aliis
460 937 471 955 ,
492 906 664 960 explosa
683 906 916 946 Arbuscula
936 907 1051 946 dixit.

107 960 216 1000 Men'
242 967 413 1000 moveat
438 959 573 999 cimex
598 959 829 999 Pantilius?
858 968 928 999 aut
955 959 1115 999 cruciet
1141 959 1257 1014 quod

110 1013 294 1054 vellicet
321 1012 533 1052 absentem
560 1011 832 1052 Demetrius?
862 1021 932 1052 aut
959 1013 1073 1068 quod
1100 1013 1168 1052 ine
1199 1021 1267 1052 tus

110 1066 292 1105 Fannius
319 1066 600 1120 Hermogenis
627 1065 767 1105 laedat
795 1066 971 1105 conviv‘a
999 1066 1176 1119 Tigelli.
1372 1066 1426 1106 80

109 1119 272 1159 Plotius
299 1126 343 1158 et
369 1119 543 1168 Varius,
571 1120 789 1158 Maecenas
816 1119 1126 1180 Virgiliusque,

108 1172 304 1226 Valgius,
331 1179 374 1210 et
430 1171 554 1211 robet
580 1171 686 1211 haec
716 1171 918 1212 Octavius
948 1180 1128 1225 optunus
1143 1200 1157 1222 ,
1184 1180 1311 1226 atque

108 1226 294 1275 Fuscus,
323 1232 367 1264 et
425 1238 500 1264 aec
526 1225 683 1264 utinam
711 1226 937 1266 Viscorum
966 1225 1110 1264 laudet
1136 1224 1337 1280 uterque!

108 1277 349 1317 Ambitione
375 1278 586 1331 relegata,
613 1286 656 1317 te
686 1278 828 1318 dicere
887 1292 1027 1317 ossum
1044 1308 1055 1327 ,

109 1331 272 1378 Pollio,
297 1339 364 1380 te,
390 1331 589 1380 Messala,
613 1339 689 1378 tuo
719 1345 814 1370 cum
861 1340 1000 1382 ratre,
1029 1331 1237 1386 simulque
1371 1332 1426 1371 85

110 1385 200 1425 Vos
211 1399 231 1433 ,·
254 1383 408 1423 Bibule
436 1392 480 1423 et
507 1383 650 1434 ὅθι-νίς
678 1384 799 1423 simul
825 1384 889 1423 his
913 1392 979 1433 te,
1009 1385 1183 1424 candide
1210 1384 1364 1435 Furni,

113 1437 447 1490 Compluresque
477 1430 599 1488 alios,
628 1437 775 1476 doctos
804 1450 885 1491 ego
913 1450 1018 1492 quos
1048 1445 1090 1477 et
1111 1438 1266 1477 amicos

55 1497 57 1499 '
110 1490 302 1528 Prudens
329 1497 579 1543 praetereo,
607 1490 757 1544 quibus
784 1490 914 1540 haec,
943 1498 1038 1529 sunt
1065 1491 1390 1546 qualiacunque,

113 1542 317 1580 Arridere
345 1542 494 1592 velim3
523 1542 751 1594 doliturus,
778 1544 813 1582 si
838 1543 1031 1596 placeant
1058 1557 1134 1596 spe

113 1594 314 1633 Deterius
342 1602 495 1633 nostra.
536 1595 749 1645 Demetri,
777 1605 926 1651 teque,
957 1597 1133 1649 Tigelli,
1373 1609 1426 1650 90

113 1647 420 1700 Discipularum
449 1647 558 1686 inter
585 1646 711 1688 iubeo
739 1650 908 1701 plorare
931 1649 1162 1688 cathedras.

113 1701 155 1751 1,
180 1714 312 1754 puer,
340 1707 465 1753 atque
490 1713 587 1739 meo
618 1700 723 1740 citus
751 1701 856 1741 haec
884 1700 1099 1748 subscribe
1126 1702 1283 1743 libello.

114 1862 159 1870 .-.
184 1855 221 1877 v.
243 1844 301 1877 66.
331 1844 447 1886 Quam
470 1839 608 1874 Badius
631 1842 771 1873 Graecis
797 1847 863 1874 etc.
890 1843 983 1875 coni.
1014 1843 1211 1877 Casaubon.
1243 1845 1296 1877 De
1325 1844 1425 1876 Rom.

116 1889 187 1922 Sat.
206 1901 242 1933 p.
259 1889 335 1922 255.
362 1887 431 1919 Sed
452 1886 505 1918 Cs.
525 1886 648 1919 Heind.
674 1905 719 1911 -—-
740 1898 776 1919 v.
790 1887 846 1919 68.
872 1886 940 1919 Alii
957 1887 1070 1920 Codd.
1089 1887 1238 1928 delatus,
1250 1887 1426 1932 delapsus,

114 1933 283 1978 dilapsus.
308 1932 361 1964 Cf.
388 1931 511 1964 Heind.
539 1937 571 1964 et
595 1932 674 1963 Fea.
711 1949 757 1956 —
786 1943 821 1963 v.
838 1932 892 1974 78.
917 1932 1050 1965 cru‘cim'
1073 1934 1231 1965 Lambin.
1254 1935 1427 1966 Bentleius

118 1980 314 2012 orationem
338 1976 419 2009 inde
440 1988 459 2008 a
482 1976 594 2008 verbis
617 1974 710 2007 Alen'
728 1984 883 2017 moveat,
909 1978 1085 2010 continuat
1110 1980 1205 2010 nullo
1232 1980 1425 2020 interroga-

115 2024 220 2056 tionis
242 2024 339 2066 signo
358 2022 566 2064 interposito
584 2032 693 2064 usque
712 2020 757 2052 ad
777 2021 998 2054 Demea-ius?
1011 2023 1071 2055 Cf.
1091 2024 1213 2055 Heind.
1237 2042 1286 2063 ·-„
1313 2021 1348 2055 i1.
1369 2024 1425 2055 36.

118 2067 238 2100 Bibule
265 2079 306 2100 ex
334 2067 578 2099 emendatione
607 2066 684 2098 Nic.
708 2065 847 2106 Heinsii.
876 2065 989 2098 Codd.
1020 2073 1054 2099 et
1075 2067 1164 2099 Edd.
1194 2074 1274 2101 vett.
1298 2067 1425 2099 Bibuli.

121 2112 175 2144 Cs.
193 2112 316 2145 Heind.
339 2130 386 2136 —
418 2123 455 2143 v.
472 2111 527 2144 88.
553 2119 639 2143 sunt
660 2121 701 2142 ex
730 2111 801 2142 anti
828 2110 975 2142 nissimis
1000 2111 1090 2144 Edd.
1113 2113 1223 2145 Bentl.
1249 2124 1353 2156 quem
1382 2113 1427 2144 W.

121 2157 202 2188 coll.
225 2156 347 2189 Heind.
373 2156 441 2188 Alii
463 2156 543 2188 sint.
579 2174 625 2181 —
655 2166 691 2187 v.
712 2165 768 2197 9¹·
830 2155 837 2161 ’
853 2155 1044 2200 cipulorum
1064 2157 1153 2191 Edd.
1183 2159 1317 2203 aliquot
1344 2162 1426 2189 vett.

120 2206 202 2245 post
222 2201 395 2234 Aldinam.
418 2200 500 2234 vid.
517 2201 588 2235 Fea
604 2206 638 2235 et
659 2199 781 2232 Heind-

163 2259 283 2294 Horat.
306 2261 350 2295 11.
