1526 2404
495 201 734 246 smnofltm
758 216 845 244 mn.
872 203 920 242 11.
946 203 987 243 5.
1308 191 1311 193 Δ
1357 208 1406 247 8ι

18 334 21 335 ⁷
89 310 179 350 Aut
204 307 412 363 apotheca
437 309 579 371 procis
605 309 759 349 intacta
787 317 878 361 est,
905 316 1148 371 aut-pecus.
1171 311 1303 366 Atqui

88 362 148 402 Et
173 375 306 416 genus
335 371 380 403 et
406 371 564 415 Vlrtus,
592 362 673 402 nisi
699 375 796 402 cum
820 375 893 414 re,
920 362 1046 404 vilior
1071 363 1165 418 alga
1191 372 1271 406 est.

621 432 657 469 T
668 430 712 470 ir
721 445 744 471 e
755 431 831 480 sia
841 446 874 472 s.
1164 473 1167 477 ,
1253 479 1256 482 ,

134 493 272 535 nando
300 494 569 556 pauperiem,
595 493 730 533 missis
758 493 1021 550 ambagibus,
1046 495 1224 549 horres3

130 547 274 601 ccipe,
298 556 301 558 ’
361 561 385 586 a
411 555 575 587 ratlone
663 561 732 587 eas
760 547 981 588 ditescere.
1013 549 1181 588 Turdus
1363 565 1411 591 ιο

90 599 191 640 Sive
222 562 530 653 aliuffiuprivum
560 600 587 638 d
642 601 727 639 itur
750 599 848 651 tibi,
875 601 1049 641 devolet
1076 602 1199 652 illuc,

89 653 177 699 Res
203 653 276 692 ubi
305 666 455 707 magna
481 653 608 703 nitet,
637 653 807 693 domino
835 667 936 693 sene
945 668 958 704 3
986 654 1124 693 dulcia
1150 667 1298 707 poma,

89 705 150 749 Et
180 717 457 760 quoscunque
487 705 603 745 feret
629 707 766 746 cultus
795 705 872 745 tihi
898 706 1054 746 fundus
1079 707 1288 759 honores,

91 757 209 797 Ante
235 759 390 796 Larem
417 766 559 812 gustet
584 759 866 799 venerabilior
890 760 1000 799 Lare
1031 759 1149 799 dives
1158 773 1172 810 3

89 809 180 901 gui
207 810 395 864 quamvis
421 811 615 863 periurus
644 812 750 862 erit,
778 811 866 851 sine
894 820 1043 865 gente,
1070 819 1270 852 cruentus
1366 813 1414 853 15

125 862 303 916 anguine
329 861 544 913 fraterno,
571 863 798 919 fugitivus:
823 877 877 904 ne
904 873 1044 904 tamen
1069 865 1133 904 illi

90 916 160 954 Tu
188 928 330 955 eomes
359 916 560 967 exterior,
588 918 623 956 si
648 918 858 970 postulet,
885 917 949 957 ire
974 930 1160 957 recuses.

637 985 868 1036 Ulysses.

88 1047 200 1086 Utne
228 1055 370 1109 tegam
397 1059 552 1100 spurco
580 1048 739 1087 Damae
769 1045 906 1109 latus?
938 1046 1052 1088 haud
1068 1048 1126 1090 ita
1152 1050 1308 1091 Troiae

87 1100 159 1139 Me
186 1113 319 1155 gessi,
347 1107 512 1140 certans
538 1112 708 1155 semper
733 1100 992 1141 melioribus.

619 1170 655 1208 T
663 1169 679 1208 i
687 1184 711 1209 r
721 1182 745 1209 e
756 1169 833 1209 sia
841 1183 873 1209 s.

339 1283 350 1294 ·
1038 1234 1157 1287 Ergo

46 1340 49 1341 ’
90 1279 153 1322 Pa
182 1295 264 1336 Per
289 1297 384 1327 ‘ms‘
626 1338 861 1391 Uly-sses.

411 1400 589 1440 Fortem
614 1400 699 1441 hoc
721 1402 902 1440 animum
922 1399 1108 1439 tolerare
1126 1401 1305 1455 iubebo3
1360 1415 1411 1443 20

90 1450 153 1489 Et
180 1451 389 1504 quondam
416 1453 575 1493 maiora
601 1454 691 1493 tuli.
723 1456 791 1493 Tu
815 1453 1032 1506 protinuS,
1055 1453 1169 1492 unde

90 1502 270 1542 Divitias
297 1504 491 1559 aerisque
516 1519 659 1557 ruam,
687 1507 755 1545 dic
780 1507 954 1560 Augur,
983 1518 1174 1545 acervos.

619 1573 871 1624 Tiresias.

90 1631 190 1671 Dixi
220 1632 416 1686 equidem
444 1643 488 1674 et
515 1635 623 1675 dico.
654 1637 807 1688 Captes
838 1645 997 1676 astutus
1024 1638 1181 1691 ubique

92 1686 359 1724 Testamenta
387 1700 555 1737 senum,
583 1702 692 1737 neu,
722 1688 756 1726 si
785 1688 904 1727 vafer
932 1703 1038 1728 unus
1066 1698 1110 1728 et
1138 1689 1244 1726 alter

91 1737 380 1776 Insidiatorem
407 1753 611 1791 praeroso
640 1740 802 1793 fugerit
829 1740 977 1791 hamo,
1360 1740 1414 1781 25

0 1764 70 1861 ι
91 1789 179 1828 Aut
206 1803 325 1842 spem
352 1790 535 1844 deponas
566 1800 637 1831 aut
665 1800 797 1831 artem
824 1792 970 1832 illusus
999 1794 1175 1832 omittas.

92 1842 243 1895 Magna
271 1842 462 1882 minorve
490 1844 588 1883 foro
618 1844 652 1883 si
680 1857 749 1883 res
778 1845 1006 1884 certabitur
1027 1847 1151 1895 olim,

91 1893 221 1935 Vivet
248 1902 345 1933 uter
373 1896 562 1949 locuples
591 1897 679 1935 sine
709 1897 864 1950 gnatis,
891 1897 1131 1951 improbus,
1156 1897 1273 1936 ult10

137 1946 180 1984 ui
206 1947 427 1986 meliorem
456 1950 589 1988 audax
615 1957 745 1988 vocet
771 1949 813 1987 in
839 1949 925 1999 ius,
951 1951 1061 1989 illius
1090 1957 1182 1989 esto

137 1998 332 2038 efensor:
361 1999 475 2040 fama
504 2002 639 2040 civem
668 2013 875 2054 causaque
899 2003 1087 2056 priorem
1360 2002 1412 2043 30

92 2049 278 2103 Sperne,
306 2051 421 2093 domi
443 2054 479 2093 si
506 2062 654 2107 gnatus
685 2054 765 2093 erit
790 2055 1028 2097 fecundave
1063 2055 1226 2096 coniux.

94 2179 139 2233 ὲ
165 2219 203 2241 v.
231 2220 283 2242 ιι.
304 2211 455 2255 primum
479 2211 601 2256 plures
627 2211 743 2246 Codd.
770 2212 824 2246 cf.
847 2212 971 2248 Heiud.

139 2276 263 2312 norat.
285 2278 333 2313 11.
1095 2273 1120 2313 6
