1526 2404
464 132 701 171 Cummun
731 141 815 167 un.
844 127 883 178 1,
917 132 974 174 ¹4·
1333 125 1384 164 25

560 278 745 317 emman
777 275 888 317 xlv.

407 367 496 406 AD
524 363 1028 404 REMPUBLICAM.

125 456 199 490 Sub
220 457 370 499 imagine
390 457 487 488 navis
510 460 636 488 monet
657 465 757 493 eam,
779 463 824 485 ne
849 463 941 486 nova
965 451 1071 486 adeat
1092 451 1274 485 benorum
1296 450 1380 492 <givi-

52 503 141 536 limn
163 502 338 547 pericula.

541 574 693 607 Eleu-um
718 573 834 606 carm.
859 574 893 606 5.

54 657 95 698 Ο
123 656 264 706 navis,
293 653 486 694 referent
512 654 554 692 in
579 665 696 692 mare
723 659 769 691 te
795 652 895 691 novi

54 708 262 750 Fluctus?
307 706 347 747 O
377 706 478 761 quid
505 704 623 767 agis?
651 704 824 744 fortiter
850 717 1012 758 occupa

106 763 298 801 Portum.
327 761 475 798 Nonne
502 758 644 806 mdes,
673 764 721 796 ut

159 813 328 852 Nudum
354 810 532 864 remigio
560 810 691 859 latus,

52 885 109 923 Et
135 884 267 923 malus
296 885 426 924 celeri
453 885 616 924 saucius
644 882 793 922 Africo
1353 882 1382 921 5

54 938 358 991 Antennaetsue
385 935 583 991 gemant?
611 949 660 976 ac
681 936 770 975 sine
796 933 966 973 funibus

106 989 189 1032 Vix
215 989 368 1028 durare
397 990 565 1029 carinae'
982 992 988 997 ’

157 1041 327 1080 Possint
355 1041 621 1095 imperiosius

52 1113 257 1169 Aequor?
283 1117 378 1155 Non
405 1115 480 1155 tibi
507 1122 603 1154 sunt
632 1114 797 1166 integra
824 1112 975 1162 lintea,

50 1168 144 1206 Non
174 1167 254 1216 Di,
282 1182 388 1221 quos
417 1169 579 1227 iterum·
596 1179 744 1219 pressa
768 1179 896 1206 voces
923 1164 1062 1222 malo,
1334 1178 1382 1203 ιο

104 1218 305 1280 Quqmvis
334 1221 511 1261 Pontica
537 1233 683 1272 pmus,

95 1294 100 1296 -
157 1270 298 1310 suv‘ae
327 1272 412 1313 filia
437 1272 612 1321 nobilis,

51 1345 77 1383 J
81 1353 194 1384 actes
225 1354 269 1385 et
297 1359 429 1406 genus
458 1353 502 1384 et
527 1358 681 1385 nomen
708 1343 868 1383 inutile.

50 1397 118 1436 Nil
142 1398 265 1449 pictis
293 1398 460 1437 umidus
489 1398 627 1437 navita
653 1396 864 1450 puppibus

102 1451 139 1488 F
140 1449 228 1488 idit.
257 1452 345 1498 Tu,
373 1450 451 1488 nisi
479 1450 613 1489 ventis
1335 1449 1381 1487 15

154 1502 297 1541 Debes
324 1501 571 1552 ludibrium,
598 1514 714 1541 cave.

49 1575 195 1627 Nuper
224 1577 448 1615 sollicitum
476 1590 584 1630 quae
608 1576 709 1615 mihi
737 1574 946 1624 taedium,

49 1627 168 1666 Nunc
196 1628 452 1667 desiderium
480 1642 666 1683 curaque
693 1642 777 1668 non
804 1626 934 1676 levis,

102 1679 311 1719 Interfusa
337 1681 516 1720 nitentes

153 1732 273 1773 Vites
306 1747 491 1787 aequora
520 1731 731 1784 Cycladas.
1130 1750 1138 1755 ·
1328 1744 1380 1771 20

119 1889 216 1929 XIV,
241 1900 277 1921 υ.
297 1900 324 1921 ι.
352 1887 512 1932 rqfhrtmt
537 1889 619 1920 libri
644 1890 794 1932 aliquot,
824 1891 930 1932 idque
953 1890 1125 1933 praetulit
1147 1888 1247 1920 Both.
1272 1899 1377 1932 quem

50 1933 103 1965 Cf.
128 1933 163 1964 in
187 1933 369 1974 Annotatt.
396 1937 432 1964 et
455 1932 555 1964 Jahn.
580 1933 683 1973 addh-
710 1935 734 1965 Ι.
758 1953 802 1958 ——
830 1935 910 1966 ι·.6.
934 1943 1100 1977 gemunt,
1127 1940 1161 1967 et
1189 1933 1269 1965 inox
1294 1946 1376 1976 pm-

48 1985 133 2010 sunt
157 1977 273 2010 Codd.
299 1978 412 2010 Bentl.
440 1978 532 2009 Feae
558 1982 593 2009 et
609 1977 759 2009 Servius.
785 1980 839 2010 (ρΓ.
863 1978 963 2010 Jahn.
988 1979 1128 2021 Reliqui
1154 1979 1228 2011 fere
1253 1989 1376 2010 omues

48 2029 210 2064 gemant,
242 2023 387 2066 possam.
420 2041 467 2048 —
502 2033 538 2055 v.
561 2022 595 2055 6.
627 2022 704 2054 Iam
728 2024 800 2055 sine
816 2022 905 2067 fim-
931 2024 959 2055 F
963 2034 1006 2056 ea
1030 2028 1067 2056 et
1087 2022 1190 2055 Both.
1215 2033 1260 2056 ex
1285 2021 1374 2053 Edd.

50 2071 133 2099 vett.
