1526 2404
483 182 739 211 zris-ronan.
765 183 855 210 mn.
875 169 908 210 1.
930 184 991 209 ιι.
1324 184 1395 210 121

16 323 20 326 ,
88 271 252 319 Cervus
278 291 436 334 equum
462 290 604 338 pugna
629 277 782 317 melior
810 274 1099 317 communibus
1127 274 1272 318 herbis

86 331 303 382 Pellebat,
330 331 466 371 donec
493 343 630 369 mmor
659 330 702 370 in
729 330 956 370 certamine
983 329 1112 383 longo
1345 330 1399 372 35

86 386 147 424 Im
177 384 329 425 lon-avit
355 396 458 436 opes
486 382 687 432 hominis,
715 382 970 438 frenumque
998 382 1173 435 recepit.

89 400 176 478 διὲξ
198 445 422 492 postquam
448 436 584 475 victor
613 436 770 476 violens
798 436 990 476 discessit
1016 435 1066 474 ab
1091 435 1240 489 hoste,

87 492 182 531 Non
207 490 393 546 equitem
420 488 547 528 dorso
560 518 573 539 ‚
600 502 686 528 non
714 489 882 529 frenum
917 488 1077 541 depulit
1104 502 1192 528 ore.

89 543 181 594 Sic,
207 544 280 599 qui
303 541 550 596 pauperiem
578 542 759 591 veritus,
820 543 957 582 otiore
982 541 1159 580 metallis

86 596 302 636 Libertate
329 602 466 644 caret,
491 593 701 634 dominum
726 609 779 635 ve
811 603 854 635 et
884 593 1128 648 improbus,
1156 602 1282 650 atque
1348 600 1401 644 4ο

89 649 258 689 Serviet
283 655 519 696 aeternum,
547 648 644 702 quia
669 662 800 701 parvo
828 649 989 688 nesciet
1017 648 1089 688 uti.

90 702 171 742 Cui
195 715 279 740 non
305 699 527 740 conveniet
552 714 627 740 sua
651 715 745 751 res,
772 709 820 741 ut
847 702 1011 741 calceus
1042 700 1165 750 olim,

92 755 137 794 Si
163 754 275 808 pede
303 753 437 792 maior
463 753 565 802 erit,
593 753 832 805 subvertet3
858 755 894 794 si
919 755 1080 805 minor,
1106 761 1216 794 uret.

89 809 244 846 Laetus
271 814 388 846 sorte
414 813 487 844 tua
515 807 632 846 vives
659 807 889 859 sapienter,
915 808 1065 858 Aristi3

90 861 182 899 Nec
206 872 279 899 me
305 858 487 899 dimittes
513 859 800 914 incastigatum
814 890 826 910 ‚
853 860 926 899 ubi
950 861 1072 913 plura
1349 861 1404 909 45

92 913 283 965 Cogere,
309 926 432 966 quam
459 912 556 950 satis
585 921 671 961 est,
700 926 748 951 ac
773 927 858 967 non
886 927 1050 952 cessare
1078 912 1270 953 videbor.

47 1014 52 1017 .
90 966 274 1018 Imperat
299 972 371 1003 aut
397 964 527 1003 servit
552 966 727 1004 collecta
753 967 931 1018 pecunia
958 966 1109 1020 cuique

91 1020 270 1057 'Portum
297 1017 340 1056 di
371 1031 421 1055 na
448 1018 569 1071 sequi
593 1018 734 1071 potius
763 1033 886 1073 quam
914 1019 1072 1059 ducere
1099 1019 1257 1059 funem.

91 1072 211 1124 Haec
236 1069 315 1109 tibi
369 1068 548 1109 ictabam
574 1078 672 1131 pest
698 1071 842 1110 fanum
867 1080 992 1125 putre
1019 1073 1240 1123 Vacunae,

91 1124 284 1177 Excepto
312 1122 428 1180 quod
452 1135 538 1164 nou
562 1124 684 1164 sunu]
712 1137 849 1176 esses,
878 1132 1021 1165 cetera
1045 1126 1194 1167 laetus.
1353 1126 1406 1167 50

593 1297 803 1351 EPls'roLA
830 1312 902 1352 XI.

520 1395 602 1434 AD
634 1396 972 1436 BULLATIUM.

159 1479 345 1532 Bullatium
361 1494 524 1516 curarum
544 1485 794 1528 abigendarum
808 1498 928 1526 causa,
950 1491 990 1518 ut
1000 1486 1156 1530 videtur,
1181 1490 1407 1532 peregrinan-

97 1530 167 1556 tem
188 1524 235 1561 de
269 1527 392 1559 ninere
427 1529 584 1570 instituto
609 1537 856 1574 percontatur,
890 1531 988 1563 addit
1017 1543 1122 1563 aurea
1148 1540 1336 1577 praecepta
1364 1536 1410 1568 de

96 1569 200 1620 animi
221 1572 472 1613 tranquillitate
494 1580 527 1606 ct
544 1575 710 1608 felicitate
732 1588 805 1608 non
826 1577 911 1608 soris
936 1575 999 1608 sed
1015 1577 1107 1608 intus
1120 1578 1257 1610 ratione
1277 1585 1310 1610 et
1325 1591 1410 1624 pru-

97 1612 214 1644 denna
238 1615 448 1656 quaerenda.

145 1687 217 1725 uid
243 1687 319 1727 tibi
349 1690 433 1729 visa
460 1691 610 1742 Chios,
637 1693 813 1741 Bullati‚
839 1701 1022 1748 notaque
1043 1693 1235 1734 Lesbos?

145 1739 216 1778 uid
245 1742 442 1781 concinna
471 1744 648 1784 Samos?
675 1746 771 1800 quid
805 1747 951 1785 Croesi
979 1746 1097 1799 regia
1124 1747 1295 1788 Sardis?

98 1793 271 1844 S‘myma
299 1795 422 1848 quid,
449 1804 492 1835 et
520 1798 772 1852 Colophon?
799 1799 955 1838 maiora
983 1799 1198 1839 minorane
1226 1801 1366 1842 fama?

74 1847 314 1907 *Cunctane
340 1861 441 1899 prae
468 1850 625 1903 Campo
656 1860 699 1890 et
725 1851 923 1890 Tiberino
953 1850 1123 1891 flumine
1158 1854 1360 1896 sordent?

98 1899 165 1938 An
190 1907 305 1939 vemt
331 1900 373 1940 in
399 1910 546 1942 votum
573 1904 759 1944 Attalicis
789 1918 841 1943 ex
866 1903 1039 1943 urbibus
1066 1904 1178 1944 una?
1234 1952 1238 1954 Y
1386 1910 1413 1951 5

99 2017 144 2024 -
163 2012 199 2032 v.
224 2002 280 2042 37.
305 2001 435 2033 violens
462 2003 555 2034 victo
579 2003 669 2035 Coll.
706 2002 783 2034 Sat.
819 2001 973 2044 itemque
1003 2001 1115 2034 Bentl.
1145 2014 1165 2036 e
1190 1996 1412 2046 coniectura3

98 2052 215 2090 postq.
248 2047 358 2078 victor
396 2047 487 2079 victo
509 2046 668 2079 discessit
697 2046 816 2079 Editio
847 2046 994 2089 Epistol.
1024 2047 1144 2079 Horat.
1185 2048 1414 2082 Cadomensis

11 2082 15 2084 ,
82 2088 200 2130 «1480.
225 2090 279 2122 Cr.
304 2092 414 2123 Bentl.
441 2098 474 2124 et
498 2093 579 2124 Fen.
605 2111 647 2116 —-
670 2104 706 2123 v.
730 2090 784 2133 4ο.
810 2091 902 2122 vehit
923 2091 1032 2123 Bentl.
1059 2103 1078 2124 e
1103 2092 1218 2124 Codd.
1245 2093 1298 2125 Cf.
1321 2095 1415 2126 Doe-

101 2134 189 2175 ring.
212 2154 256 2160 —
278 2146 317 2167 v.
342 2135 396 2178 [μ.
422 2138 558 2168 nesciat
571 2137 728 2169 Lambin.
746 2148 765 2169 e
779 2135 892 2168 Codd.
906 2136 1034 2167 nesciit
1042 2136 1169 2170 Bothio
1184 2138 1221 2169 in
1230 2138 1416 2172 Annotatt.

103 2179 231 2211 rectius
254 2179 391 2212 videtur
416 2182 471 2213 Cs.
490 2181 588 2213 Iahn.

171 2223 242 2266 XI,
266 2235 304 2256 v·
328 2226 364 2261 3,
383 2226 563 2260 minorave
589 2226 706 2260 Codd.
732 2227 866 2271 aliquot
891 2224 999 2271 Cruq.
1023 2232 1059 2260 et
1082 2228 1249 2261 Tou-ent.
