1526 2404
106 122 156 163 56
559 137 597 175 Q·
626 135 808 161 nonani
836 135 989 162 nacci

105 229 282 269 Flumen
311 238 354 269 et
382 236 557 283 regnata
582 235 724 282 petam
748 229 905 269 Laconi

370 283 488 321 Rura
514 282 733 322 Phalanto.

104 349 178 390 Ille
207 357 417 390 terrarum
440 351 540 390 mihi
558 358 731 406 praetet-
760 364 904 390 omnes

107 403 293 456 Angulus
322 404 455 455 ridet,
485 405 559 445 uhi
585 418 668 444 non
704 405 905 457 Hymetto

104 458 228 497 Hella
241 457 472 510 decedunt,
487 459 698 513 viridique
715 465 851 497 certat
996 492 1004 498 .
1390 459 1436 499 15

368 514 508 552 Bacca
534 511 744 553 Venafro:

106 581 195 620 Ver
222 579 293 619 ubi
324 580 497 633 longum
525 581 776 635 tepidasque
813 580 991 634 praebet

104 634 263 687 Iupiter
293 633 486 684 brumas,
518 643 560 674 et
581 635 736 674 amicus
769 634 908 674 Aulon
963 666 967 669 .

108 687 256 727 Fertili
284 687 454 727 Baccho
483 688 697 727 minimum
718 687 907 728 Falernis
1419 714 1421 717 .

367 741 531 781 Invidet
557 742 664 791 uvis,
1343 788 1349 790 ‚
1385 753 1437 780 20

102 809 177 848 Ille
204 817 248 849 te
277 823 443 849 mecum
470 810 588 850 locus
621 818 663 850 et
690 809 843 850 beatae

102 863 322 903 Postulant
351 877 490 914 arees3
520 864 577 903 ibi
603 872 651 903 tu
680 864 886 904 calentem

102 915 258 955 Debita
285 931 458 972 sparges
488 918 658 958 lacrima
687 917 877 957 favillam

367 971 485 1013 Vatis
503 972 638 1012 amici.

618 1092 804 1141 Canama
829 1093 918 1134 VII.

515 1165 601 1205 AD
646 1167 1022 1208 POMPEIUM.

147 1247 219 1280 Suo
245 1249 331 1282 olim
355 1251 591 1284 commilitoni
614 1252 770 1285 reditum
795 1264 814 1286 e
841 1253 965 1286 militia
990 1253 1025 1283 in
1049 1252 1204 1295 patriam
1228 1241 1436 1296 gratulatur.

581 1328 736 1369 ΙΙΙᾳίι-ιιιη
758 1329 950 1362 Alc-alcum.

106 1390 146 1437 Ο
178 1406 306 1446 saepe
333 1407 502 1434 mecum
522 1402 690 1447 tempus
719 1394 761 1433 in
795 1395 987 1434 ultimum

103 1445 323 1497 Deducte,
350 1449 486 1496 Bruto
519 1447 692 1487 militiae
730 1447 863 1500 duce,

159 1499 264 1559 Quis
292 1508 335 1540 te
364 1500 586 1540 redonavit
615 1499 827 1563 Quiritem

212 1553 290 1592 Dis
319 1554 463 1607 patriis
493 1554 681 1608 Italoque
706 1554 852 1604 coelo,

107 1622 310 1675 Pompei,
339 1636 532 1662 meorum
560 1624 696 1676 prime
734 1624 962 1673 sodalium,
1413 1625 1441 1665 5

108 1676 214 1717 Cum
242 1689 326 1731 quo
355 1685 589 1716 morantem
617 1691 744 1730 saepe
774 1677 885 1717 diem
924 1690 1043 1719 mero

164 1729 317 1782 Fregi,
342 1738 566 1769 coronatus
599 1730 778 1770 nitentes

212 1782 474 1829 Malobathro
505 1783 624 1836 Syrio
663 1784 847 1837 capillos.

105 1851 268 1889 Tecum
298 1828 517 1904 Philippos
549 1859 591 1890 et
621 1852 806 1892 celerem
842 1852 989 1906 fugam

106 1902 246 1954 Sensi,
277 1904 424 1943 relicta
451 1918 534 1943 non
563 1904 672 1945 bene
699 1906 910 1959 parmula3
1393 1919 1440 1946 ιο

158 1956 302 2017 Quum
331 1957 466 1996 fracta
494 1957 664 2009 Virtus,
695 1967 737 1998 et
764 1959 947 2000 minaces

211 2012 355 2064 Turpe
384 2011 519 2056 solum
546 2012 728 2066 tetigere
758 2021 917 2056 mento.

129 2084 212 2091 ·——

106 2129 136 2150 v.
152 2126 204 2159 19.
220 2098 358 2149 Fer-nu}
374 2117 494 2152 Codd.
506 2119 624 2153 Bentl.
636 2120 728 2153 Feae
747 2122 889 2165 aliique.
904 2121 957 2153 Cs.
971 2119 1075 2155 Both.
1089 2103 1278 2153 Annoratt.
1291 2118 1437 2153 etlahn.
1460 2101 1470 2106 -

174 2161 252 2194 VH.
277 2161 525 2207 Vanderburg.
553 2176 633 2198 cum
657 2166 838 2210 Stephano
874 2168 950 2199 aliis
975 2166 1134 2198 inscribit
1159 2163 1218 2197 Ad
1239 2165 1439 2210 Pompeium

112 2208 263 2241 Varrum
276 2209 515 2254 adstipulante
527 2209 636 2245 Both.
649 2211 835 2248 Annotatt.
856 2212 927 2247 Alii
942 2210 1001 2244 Ad
1011 2210 1212 2256 Pompeium
1227 2209 1438 2255 Grosphum.
