1526 2404
164 169 215 211 72
409 182 412 189 ,
507 179 511 182 «
599 169 639 213 ρ.
668 167 852 197 uom‘rn
879 168 1036 197 rucei

167 262 315 324 Quid?
341 277 470 319 quum
495 260 619 301 balba
645 260 749 303 feris
777 276 932 304 annoso
961 262 1092 304 verba
1116 263 1281 318 palato,

162 317 423 358 Aedificante
448 329 560 356 casas
590 316 665 370 qui
692 316 860 357 sanior?
887 317 1012 368 Adde
1037 331 1233 358 cruorem
1400 319 1480 373 275

165 371 400 422 stultitiae,
430 378 556 425 atque
577 369 716 423 ignem
738 370 877 424 gladio
898 379 1085 412 scrutare
1102 371 1229 411 modo
1242 402 1253 422 ,
1273 371 1454 428 inquam.

161 425 342 469 Hellade
369 437 590 479 percussa,
618 423 772 463 Marius
795 438 924 478 quum
942 425 1191 478 praecipitat
1213 439 1281 478 se,

164 478 352 517 Cerritus
382 476 491 519 fuit?
519 490 569 515 an
589 485 825 517 commotae
852 477 1024 518 crim‘lne
1049 478 1198 518 mentis

160 531 370 574 Absolves
397 529 630 580 hominem,
660 538 703 570 et
729 531 900 571 sceleris
929 531 1140 572 damnabis
1169 530 1372 584 eundem,

161 586 228 623 Ex
255 599 374 625 more
402 584 618 637 imponens
649 593 824 638 cognata
853 584 1060 625 vocabula
1085 583 1243 625 rebus?
1403 587 1481 628 280

161 638 401 678 Libertinus
430 645 541 687 erat,
571 637 643 691 qui
672 638 830 677 circum
858 639 1039 692 compita
1066 639 1200 679 siccus
1259 684 1264 689 ,

163 692 307 731 Lautis
336 705 457 732 mane
484 704 614 730 senex
639 690 827 730 manibus
858 692 1077 743 currebat,
1107 700 1171 742 et,
1198 693 1357 744 Unum,

162 745 398 798 (Quiddam
426 758 621 798 magnum
651 743 859 796 addens,)
889 760 1018 785 unum
1038 759 1106 785 me
1126 745 1285 799 surpite
1302 745 1453 798 morti,

160 799 240 840 Dis
270 798 425 838 etenim
451 797 577 837 facile
610 805 694 848 est,
722 797 870 837 orabat
879 813 892 850 3
920 812 1042 839 sanus
1072 799 1261 854 utrisque

160 851 346 891 Auribus
376 859 416 890 at
445 865 501 892 ue
531 851 685 902 oculis3
704 860 921 903 mentem,
947 853 1026 892 nisi
1051 853 1295 907 litigiosuss
1403 852 1480 895 ,285

159 905 394 958 Exciperet
443 904 624 952 ominus,
646 920 774 959 quum
794 905 1010 946 venderet.
1031 909 1127 946 Hoc
1143 919 1314 963 quoque
1329 904 1478 960 vulgus

162 958 421 1012 Chrysippus
447 958 567 1011 ponit
594 957 776 997 fecunda
802 960 844 997 in
872 967 998 1012 gente
1025 961 1205 1000 Meneni.

160 1011 343 1065 Iupiter,
373 1012 562 1066 ingentes
593 1011 663 1065 qui
691 1012 762 1051 das
793 1012 1021 1067 adimisque
1051 1013 1243 1063 dolores,

159 1066 296 1107 Mater
325 1066 380 1104 ait
407 1065 531 1118 pueri
558 1078 722 1104 menses
750 1065 831 1104 iam
860 1066 1043 1121 quinque
1069 1065 1272 1118 cubantis,

158 1118 331 1171 Frigida
360 1118 394 1157 si
420 1127 602 1171 puerum
630 1127 830 1172 quartana
857 1119 1098 1174 reliquerit,
1126 1120 1199 1159 illo
1312 1149 1323 1159 -.
1402 1131 1480 1173 290

159 1173 282 1209 Mane
310 1171 399 1220 die,
427 1185 510 1224 quo
540 1179 587 1210 tu
614 1170 760 1210 indicis
793 1171 967 1221 ieiunia,
997 1172 1133 1211 nudus

159 1225 205 1263 In
234 1223 380 1263 Tiberi
407 1223 543 1263 stabit.
585 1223 713 1262 Casus
742 1223 985 1263 medicusve
1012 1225 1164 1264 levarit

158 1277 350 1331 Aegrum
377 1290 429 1317 ex
455 1276 698 1330 praecipiti,
731 1285 865 1316 mater
893 1276 1023 1316 delira
1050 1277 1216 1317 necabit

158 1331 204 1372 In
233 1331 373 1384 gelida
399 1328 527 1368 fixum
554 1329 667 1382 ripa,
701 1328 941 1383 febrimque
969 1330 1157 1371 reducet.

160 1384 314 1435 Quone
343 1384 452 1422 malo
481 1391 664 1422 mentem
694 1383 922 1430 concussa?
950 1384 1102 1434 timore
1129 1385 1333 1433 Deorum.
1400 1383 1478 1438 295

158 1439 276 1476 Haec
307 1437 407 1476 mihi
437 1436 684 1486 Stertinius,
714 1437 961 1490 sapientium
990 1447 1183 1488 octavus,
1212 1436 1344 1476 amico

157 1491 286 1530 Arma
313 1490 449 1538 dedit,
476 1489 650 1542 posthac
674 1504 726 1528 ne
756 1490 1033 1542 compellarer
1061 1491 1226 1530 inultus.

158 1544 325 1583 Dixerit
352 1544 537 1582 insanum
565 1542 636 1597 qui
663 1556 753 1594 me,
782 1544 960 1585 totidem
988 1544 1151 1596 audiet,
1179 1552 1304 1600 atque

158 1598 390 1651 Respicere
417 1596 562 1649 ignoto
592 1595 726 1636 discet
753 1597 980 1651 pendentia
1002 1606 1142 1653 terge.

671 1665 946 1707 Horatius.

161 1731 326 1780 Stoice,
354 1737 453 1783 post
473 1729 666 1768 damnum
690 1731 747 1769 sic
768 1729 922 1769 vendas
953 1730 1087 1769 omnia
1109 1731 1264 1783 pluris3
1397 1730 1476 1772 300

159 1786 254 1843 Qua
282 1797 349 1822 me
378 1783 572 1833 stultitia,
601 1784 798 1837 quoniam
819 1797 902 1838 non
925 1792 988 1823 est
1010 1798 1139 1836 genus
1169 1798 1318 1836 unum,

160 1837 340 1878 Insanire
368 1837 520 1890 putas.)
551 1850 632 1891 ego
660 1851 753 1877 nam
781 1837 931 1878 videor
957 1837 1058 1877 mihi
1077 1851 1211 1881 sanus.
1294 1844 1296 1847 “

156 2020 201 2028 --
236 2012 267 2031 ν.
296 1997 374 2041 274.
411 1998 497 2029 seris
528 1998 641 2030 codd.
670 1998 803 2041 aliquot
832 1995 926 2040 apud
955 1996 1114 2028 Lambin.
1145 1995 1197 2027 Cf.
1230 1992 1397 2034 Doering.
1430 2011 1475 2017 --

156 2059 186 2078 v.
203 2046 280 2078 283.
303 2045 353 2075 lta
371 2045 491 2087 plures
509 2044 622 2075 Codri.
645 2050 678 2075 et
702 2042 960 2085 antiquissimae
978 2053 1136 2086 quaeque
1155 2039 1351 2079 Editiones3
1379 2048 1473 2068 eam-

156 2102 224 2136 que
245 2090 433 2121 lectionem
451 2094 592 2120 tuentur
610 2089 731 2121 lleind.
753 2093 787 2119 ct
808 2088 971 2130 Doering.
996 2088 1035 2118 In
1056 2086 1131 2118 aliis
1149 2083 1263 2116 tlodd.
1292 2080 1389 2124 Quid
1404 2090 1474 2114 tam

155 2133 350 2178 magnum?
372 2132 524 2171 adclen.⁵·‚·
554 2133 649 2177 quod
681 2133 833 2178 probant
860 2144 940 2164 cum
966 2131 1122 2164 Bentleio
1149 2131 1218 2162 Fea
1245 2134 1279 2160 et
1307 2126 1407 2159 Both.
1439 2127 1473 2158 in

156 2181 335 2212 Annotatt.
363 2199 404 2203 -—
433 2192 459 2209 v.
480 2182 556 2212 301.
582 2190 706 2225 quam.
721 2202 728 2210 .
742 2203 750 2210 .
771 2177 955 2210 stulticiam
973 2187 1060 2208 unus
1081 2174 1169 2208 cod.
1196 2175 1302 2217 Cruq.
1322 2172 1475 2216 indeque

156 2226 266 2259 Benu.
292 2224 345 2257 Cs.
371 2223 496 2257 lit-ind.
