1526 2404
87 160 139 200 62
534 174 575 213 Q·
606 173 789 200 nor-Aru
817 174 974 202 FLACG1

84 268 174 307 Nec
202 280 350 307 saevos
380 267 599 329 Lapithas,
625 276 668 307 et
694 268 866 307 nimium
898 281 1019 308 mero
1393 271 1421 311 5

86 321 316 372 Hylaeum,
350 320 585 372 demitosve
623 320 837 361 Herculea
865 335 990 362 manu
1329 322 1331 324 ’

87 375 269 414 Telluris
291 375 464 414 iuvenes
478 405 488 424 7
511 375 622 414 unde
655 376 891 428 periculum

350 429 536 482 Fulgens
565 429 819 468 contremuit
845 429 995 468 domus

87 502 256 543 Saturni
278 503 455 555 veteris3
483 512 616 558 tuque
653 505 921 559 pedestribus

86 557 216 596 Dices
234 557 416 597 historiis
437 558 601 611 proelia
624 560 835 610 Caesaris,
1373 570 1422 596 1⁰

84 610 326 662 Maecenas,
351 611 523 660 melius,
555 612 767 668 ductaque
802 627 882 666 per
908 611 996 652 vias

351 665 519 718 Regum
542 666 651 705 colla
671 667 921 707 minacium.

85 742 154 780 Me
177 740 321 781 dulces
351 741 544 782 dominae
571 743 691 781 Musa
727 741 966 794 Licymniae

89 795 265 845 Cantus,
292 808 359 834 me
390 795 525 834 voluit
558 795 700 835 dicere
729 796 916 835 lucidum

85 848 316 902 Fulgentes
346 848 515 898 oculos,
546 857 588 889 et
620 848 729 888 ben‘e
758 850 911 889 mutuis
1296 878 1299 881 »
1374 849 1421 889 15

348 901 501 941 Fidum
527 911 677 956 pectus
705 903 940 954 amoribus3

87 973 229 1068 Suam
254 988 334 1014 nec
363 974 481 1014 ferre
505 977 661 1029 pedem
689 977 888 1019 dedecuit
916 980 1079 1034 choris,

111 1033 176 1067 'ec
205 1037 369 1067 certare
398 1029 512 1079 ioco,
547 1044 624 1069 nec
656 1031 756 1071 dare
782 1031 954 1073 brachia

90 1081 328 1121 Ludentem
358 1081 496 1121 nitidis
525 1083 776 1137 virginibus,
817 1100 938 1127 sacro
1372 1116 1376 1118 Δ

351 1135 511 1174 Dianae
543 1138 722 1177 celebris
751 1139 832 1178 die.
1368 1153 1420 1179 20

85 1211 196 1249 Num
222 1218 292 1261 tu,
322 1225 431 1272 quae
458 1212 592 1251 tenuit
621 1212 738 1251 dives
767 1212 1079 1265 Achaemenes,

86 1264 173 1302 Aut
198 1263 364 1317 pinguis
392 1265 601 1319 Phrygiae
629 1265 871 1319 Mygdonias
901 1281 1028 1321 opes,

85 1318 336 1356 Permutare
370 1319 470 1358 velis
493 1319 607 1358 crine
629 1319 887 1371 Licymniae,

139 1371 289 1410 Plenas
328 1380 399 1410 aut
425 1372 613 1411 Arabum
636 1372 813 1412 domos?

1368 1447 1420 1486 &a

87 1448 202 1486 Dum
227 1445 444 1501 flagrantia
471 1447 699 1503 detorquet
727 1450 779 1489 ad
817 1450 960 1490 oscula

91 1499 336 1551 Cervicem.,
365 1509 436 1540 aut
463 1501 578 1540 facili
606 1503 778 1543 saevitia
815 1511 965 1557 negat,

90 1554 212 1617 Quae
238 1562 442 1607 poscente
470 1556 600 1608 magis
630 1557 811 1610 gaudeat
839 1557 967 1610 eripi,

352 1607 569 1647 Interdum
594 1623 747 1664 rapere
780 1618 970 1664 occupat,

161 1757 190 1778 ν.
214 1755 265 1778 12.
292 1745 479 1779 minacium
493 1746 658 1790 plerique
681 1743 804 1779 codd.
831 1748 1037 1780 minantium
1057 1749 1115 1787 alii
1135 1746 1258 1784 Codd.
1281 1753 1318 1783 et
1337 1750 1416 1793 ple-

89 1800 222 1834 raeque
249 1788 343 1823 Edd.
369 1793 589 1824 recentiores
616 1792 670 1824 Cf.
698 1792 817 1825 Bentl.
844 1798 879 1824 ct
904 1793 1012 1826 Both.
1028 1793 1221 1829 Annotatt.
1244 1812 1288 1820 —-·
1313 1807 1341 1827 ν.
1359 1796 1416 1830 25.

94 1837 241 1869 Variant
265 1835 385 1870 Codd.
411 1843 447 1870 et
472 1835 566 1872 Edd.
589 1843 676 1871 vett.
703 1848 850 1881 quarum
871 1840 960 1871 aliae
974 1839 1201 1882 flagrantia,
1227 1841 1315 1872 aliae
1327 1838 1415 1884 fiu-

89 1883 245 1925 grantz'a.
272 1879 330 1916 Cf.
356 1883 472 1916 Benil.
497 1901 542 1907 —
569 1895 599 1915 ν.
627 1883 682 1915 28.
711 1884 766 1916 Ita
782 1882 861 1916 Cod
892 1885 1016 1918 Bentl.
1041 1891 1196 1929 quatuor
1210 1883 1325 1920 Vand.
1342 1886 1414 1922 alii,

90 1925 164 1973 Sed
187 1935 333 1974 occupet
353 1928 528 1973 plurimae
552 1926 647 1962 Edd.
675 1926 759 1962 inde
787 1930 830 1962 ab
857 1931 1104 1975 antiquissimis
1129 1930 1184 1968 Cf,
1208 1932 1335 1967 Bentl-
