<?xml version="1.0" encoding="UTF-8"?>
<!DOCTYPE html PUBLIC "-//W3C//DTD XHTML 1.0 Transitional//EN"
    "http://www.w3.org/TR/xhtml1/DTD/xhtml1-transitional.dtd">
<html xmlns="http://www.w3.org/1999/xhtml" xml:lang="en" lang="en">
 <head>
  <title>
</title>
<meta http-equiv="Content-Type" content="text/html;charset=utf-8" />
  <meta name='ocr-system' content='tesseract 3.04.00' />
  <meta name='ocr-capabilities' content='ocr_page ocr_carea ocr_par ocr_line ocrx_word'/>
</head>
<body>
  <div class='ocr_page' id='page_1' title='image "./operaomnia01horauoft_0140.png"; bbox 0 0 1526 2404; ppageno 0'>
   <div class='ocr_carea' id='block_1_1' title="bbox 119 141 972 192">
    <p class='ocr_par' dir='ltr' id='par_1_1' title="bbox 119 141 972 192">
     <span class='ocr_line' id='line_1_1' title="bbox 119 141 972 192; baseline 0.001 -14"><span class='ocrx_word' id='word_1_1' title='bbox 119 141 190 188; x_wconf 75' lang='lat'>134</span> <span class='ocrx_word' id='word_1_2' title='bbox 535 153 573 192; x_wconf 75' lang='grc' dir='ltr'>ρ.</span> <span class='ocrx_word' id='word_1_3' title='bbox 604 151 787 178; x_wconf 65' lang='lat' dir='ltr'>uuam-u</span> <span class='ocrx_word' id='word_1_4' title='bbox 816 151 972 179; x_wconf 67' lang='lat' dir='ltr'>nmen</span> 
     </span>
    </p>
   </div>
   <div class='ocr_carea' id='block_1_2' title="bbox 491 266 1061 411">
    <p class='ocr_par' dir='ltr' id='par_1_2' title="bbox 491 266 1061 411">
     <span class='ocr_line' id='line_1_2' title="bbox 629 266 914 306; baseline 0.004 -1"><span class='ocrx_word' id='word_1_5' title='bbox 629 266 818 306; x_wconf 64' lang='lat' dir='ltr'>emnam</span> <span class='ocrx_word' id='word_1_6' title='bbox 842 267 914 306; x_wconf 82' lang='lat' dir='ltr'>XI.</span> 
     </span>
     <span class='ocr_line' id='line_1_3' title="bbox 491 353 1061 411; baseline 0 -18"><span class='ocrx_word' id='word_1_7' title='bbox 491 354 580 393; x_wconf 90' lang='lat' dir='ltr'>AD</span> <span class='ocrx_word' id='word_1_8' title='bbox 635 353 1061 411; x_wconf 22' lang='lat' dir='ltr'><strong>PHYLLIDEM...</strong></span> 
     </span>
    </p>
   </div>
   <div class='ocr_carea' id='block_1_3' title="bbox 109 439 1440 534">
    <p class='ocr_par' dir='ltr' id='par_1_3' title="bbox 109 439 1440 534">
     <span class='ocr_line' id='line_1_4' title="bbox 155 439 1440 486; baseline 0.002 -12"><span class='ocrx_word' id='word_1_9' title='bbox 155 441 357 486; x_wconf 74' lang='lat' dir='ltr'><strong>Phyllidem</strong></span> <span class='ocrx_word' id='word_1_10' title='bbox 385 439 429 472; x_wconf 80' lang='lat' dir='ltr'>ad</span> <span class='ocrx_word' id='word_1_11' title='bbox 453 440 673 473; x_wconf 78' lang='lat' dir='ltr'><strong>Maecenatis</strong></span> <span class='ocrx_word' id='word_1_12' title='bbox 696 440 852 473; x_wconf 83' lang='lat' dir='ltr'>natalem</span> <span class='ocrx_word' id='word_1_13' title='bbox 877 442 988 475; x_wconf 78' lang='lat' dir='ltr'>sacris</span> <span class='ocrx_word' id='word_1_14' title='bbox 1014 440 1129 486; x_wconf 69' lang='lat' dir='ltr'>epulis</span> <span class='ocrx_word' id='word_1_15' title='bbox 1155 446 1192 474; x_wconf 82' lang='lat' dir='ltr'>et</span> <span class='ocrx_word' id='word_1_16' title='bbox 1211 440 1315 476; x_wconf 83' lang='lat' dir='ltr'>hilari</span> <span class='ocrx_word' id='word_1_17' title='bbox 1340 453 1440 476; x_wconf 88' lang='lat' dir='ltr'>com·</span> 
     </span>
     <span class='ocr_line' id='line_1_5' title="bbox 109 485 888 534; baseline -0.001 -13"><span class='ocrx_word' id='word_1_18' title='bbox 109 489 297 534; x_wconf 86' lang='lat' dir='ltr'>potatione</span> <span class='ocrx_word' id='word_1_19' title='bbox 323 497 444 518; x_wconf 86' lang='lat' dir='ltr'>secum</span> <span class='ocrx_word' id='word_1_20' title='bbox 470 485 728 520; x_wconf 83' lang='lat' dir='ltr'>celebrandum</span> <span class='ocrx_word' id='word_1_21' title='bbox 752 488 888 521; x_wconf 87' lang='lat' dir='ltr'>invitat.</span> 
     </span>
    </p>
   </div>
   <div class='ocr_carea' id='block_1_4' title="bbox 567 574 981 621">
    <p class='ocr_par' dir='ltr' id='par_1_4' title="bbox 567 574 981 621">
     <span class='ocr_line' id='line_1_6' title="bbox 567 574 981 621; baseline 0.005 -14"><span class='ocrx_word' id='word_1_22' title='bbox 567 574 731 607; x_wconf 73' lang='lat' dir='ltr'>Aletrum</span> <span class='ocrx_word' id='word_1_23' title='bbox 754 574 981 621; x_wconf 80' lang='lat' dir='ltr'>Sapphicum.</span> 
     </span>
    </p>
   </div>
   <div class='ocr_carea' id='block_1_5' title="bbox 107 651 979 855">
    <p class='ocr_par' dir='ltr' id='par_1_5' title="bbox 109 651 950 706">
     <span class='ocr_line' id='line_1_7' title="bbox 109 651 950 706; baseline -0.005 -12"><span class='ocrx_word' id='word_1_24' title='bbox 109 656 186 695; x_wconf 86' lang='lat' dir='ltr'>Est</span> <span class='ocrx_word' id='word_1_25' title='bbox 214 653 314 694; x_wconf 89' lang='lat' dir='ltr'>mihi</span> <span class='ocrx_word' id='word_1_26' title='bbox 341 667 497 693; x_wconf 88' lang='lat' dir='ltr'>nonum</span> <span class='ocrx_word' id='word_1_27' title='bbox 526 651 761 706; x_wconf 82' lang='lat' dir='ltr'>superantis</span> <span class='ocrx_word' id='word_1_28' title='bbox 798 665 950 691; x_wconf 89' lang='lat' dir='ltr'>annum</span> 
     </span>
    </p>

    <p class='ocr_par' dir='ltr' id='par_1_6' title="bbox 108 704 979 759">
     <span class='ocr_line' id='line_1_8' title="bbox 108 704 979 759; baseline -0.002 -11"><span class='ocrx_word' id='word_1_29' title='bbox 108 709 267 748; x_wconf 91' lang='lat' dir='ltr'>Plenus</span> <span class='ocrx_word' id='word_1_30' title='bbox 294 706 447 747; x_wconf 89' lang='lat' dir='ltr'>Albani</span> <span class='ocrx_word' id='word_1_31' title='bbox 476 706 626 756; x_wconf 85' lang='lat' dir='ltr'>cadus3</span> <span class='ocrx_word' id='word_1_32' title='bbox 659 713 724 744; x_wconf 83' lang='lat' dir='ltr'>est</span> <span class='ocrx_word' id='word_1_33' title='bbox 755 705 797 744; x_wconf 90' lang='lat' dir='ltr'>in</span> <span class='ocrx_word' id='word_1_34' title='bbox 824 704 979 759; x_wconf 83' lang='lat' dir='ltr'>horto,</span> 
     </span>
    </p>

    <p class='ocr_par' dir='ltr' id='par_1_7' title="bbox 107 759 900 855">
     <span class='ocr_line' id='line_1_9' title="bbox 107 759 900 815; baseline -0.005 -14"><span class='ocrx_word' id='word_1_35' title='bbox 107 762 270 815; x_wconf 87' lang='lat' dir='ltr'>Phylli,</span> <span class='ocrx_word' id='word_1_36' title='bbox 298 759 513 801; x_wconf 83' lang='lat' dir='ltr'><strong>nectendis</strong></span> <span class='ocrx_word' id='word_1_37' title='bbox 543 759 681 813; x_wconf 88' lang='lat' dir='ltr'>apium</span> <span class='ocrx_word' id='word_1_38' title='bbox 710 759 876 798; x_wconf 87' lang='lat' dir='ltr'>coronis</span> <span class='ocrx_word' id='word_1_39' title='bbox 886 773 900 810; x_wconf 85' lang='lat'>3</span> 
     </span>
     <span class='ocr_line' id='line_1_10' title="bbox 374 813 726 855; baseline 0.006 -2"><span class='ocrx_word' id='word_1_40' title='bbox 374 815 453 854; x_wconf 84' lang='lat' dir='ltr'>Est</span> <span class='ocrx_word' id='word_1_41' title='bbox 482 813 635 853; x_wconf 84' lang='lat' dir='ltr'>ederae</span> <span class='ocrx_word' id='word_1_42' title='bbox 663 813 726 855; x_wconf 81' lang='lat' dir='ltr'>vis</span> 
     </span>
    </p>
   </div>
   <div class='ocr_carea' id='block_1_6' title="bbox 108 886 1444 1318">
    <p class='ocr_par' dir='ltr' id='par_1_8' title="bbox 108 886 1444 1037">
     <span class='ocr_line' id='line_1_11' title="bbox 108 886 1444 942; baseline 0.001 -15"><span class='ocrx_word' id='word_1_43' title='bbox 108 888 260 938; x_wconf 81' lang='lat' dir='ltr'>Multa,</span> <span class='ocrx_word' id='word_1_44' title='bbox 290 902 372 942; x_wconf 81' lang='lat' dir='ltr'>qua</span> <span class='ocrx_word' id='word_1_45' title='bbox 399 889 535 928; x_wconf 83' lang='lat' dir='ltr'>crines</span> <span class='ocrx_word' id='word_1_46' title='bbox 562 887 739 942; x_wconf 85' lang='lat' dir='ltr'>religata</span> <span class='ocrx_word' id='word_1_47' title='bbox 757 886 915 942; x_wconf 83' lang='lat' dir='ltr'>fulges.</span> <span class='ocrx_word' id='word_1_48' title='bbox 1376 910 1378 912; x_wconf 56' lang='lat'>&gt;</span> <span class='ocrx_word' id='word_1_49' title='bbox 1417 892 1444 932; x_wconf 87' lang='lat'>5</span> 
     </span>
     <span class='ocr_line' id='line_1_12' title="bbox 108 941 891 995; baseline 0.001 -16"><span class='ocrx_word' id='word_1_50' title='bbox 108 941 238 981; x_wconf 85' lang='lat' dir='ltr'>Ridet</span> <span class='ocrx_word' id='word_1_51' title='bbox 266 951 442 995; x_wconf 81' lang='lat' dir='ltr'>argento</span> <span class='ocrx_word' id='word_1_52' title='bbox 472 942 643 991; x_wconf 81' lang='lat' dir='ltr'>domus,</span> <span class='ocrx_word' id='word_1_53' title='bbox 673 955 743 980; x_wconf 87' lang='lat' dir='ltr'>ara</span> <span class='ocrx_word' id='word_1_54' title='bbox 769 941 891 981; x_wconf 84' lang='lat' dir='ltr'>castis</span> 
     </span>
     <span class='ocr_line' id='line_1_13' title="bbox 109 994 849 1037; baseline -0.005 0"><span class='ocrx_word' id='word_1_55' title='bbox 109 995 262 1037; x_wconf 83' lang='lat' dir='ltr'>Vincta</span> <span class='ocrx_word' id='word_1_56' title='bbox 293 995 487 1035; x_wconf 85' lang='lat' dir='ltr'>verbenis</span> <span class='ocrx_word' id='word_1_57' title='bbox 514 1004 610 1035; x_wconf 87' lang='lat' dir='ltr'>avet</span> <span class='ocrx_word' id='word_1_58' title='bbox 633 994 849 1034; x_wconf 81' lang='lat' dir='ltr'>immolato</span> 
     </span>
    </p>

    <p class='ocr_par' dir='ltr' id='par_1_9' title="bbox 112 1048 1444 1275">
     <span class='ocr_line' id='line_1_14' title="bbox 376 1048 727 1103; baseline -0.003 -16"><span class='ocrx_word' id='word_1_59' title='bbox 376 1048 578 1103; x_wconf 77' lang='lat' dir='ltr'>spargier</span> <span class='ocrx_word' id='word_1_60' title='bbox 606 1061 727 1102; x_wconf 82' lang='lat' dir='ltr'>agno.</span> 
     </span>
     <span class='ocr_line' id='line_1_15' title="bbox 112 1114 974 1162; baseline 0.002 -7"><span class='ocrx_word' id='word_1_61' title='bbox 112 1117 272 1155; x_wconf 79' lang='lat' dir='ltr'>Cuncta</span> <span class='ocrx_word' id='word_1_62' title='bbox 298 1114 469 1155; x_wconf 83' lang='lat' dir='ltr'>festinat</span> <span class='ocrx_word' id='word_1_63' title='bbox 497 1130 661 1162; x_wconf 79' lang='lat' dir='ltr'>manus,</span> <span class='ocrx_word' id='word_1_64' title='bbox 689 1116 773 1156; x_wconf 87' lang='lat' dir='ltr'>huc</span> <span class='ocrx_word' id='word_1_65' title='bbox 802 1126 845 1157; x_wconf 90' lang='lat' dir='ltr'>et</span> <span class='ocrx_word' id='word_1_66' title='bbox 872 1117 974 1157; x_wconf 86' lang='lat' dir='ltr'>illuc</span> 
     </span>
     <span class='ocr_line' id='line_1_16' title="bbox 113 1169 1444 1222; baseline 0.002 -13"><span class='ocrx_word' id='word_1_67' title='bbox 113 1170 324 1209; x_wconf 84' lang='lat' dir='ltr'>Cursitant</span> <span class='ocrx_word' id='word_1_68' title='bbox 351 1169 504 1208; x_wconf 80' lang='lat' dir='ltr'>mixtae</span> <span class='ocrx_word' id='word_1_69' title='bbox 531 1170 674 1222; x_wconf 81' lang='lat' dir='ltr'>pueris</span> <span class='ocrx_word' id='word_1_70' title='bbox 702 1171 892 1222; x_wconf 84' lang='lat' dir='ltr'>puellae3</span> <span class='ocrx_word' id='word_1_71' title='bbox 1398 1186 1444 1212; x_wconf 83' lang='grc' dir='ltr'>ιο</span> 
     </span>
     <span class='ocr_line' id='line_1_17' title="bbox 112 1221 1015 1275; baseline 0 -13"><span class='ocrx_word' id='word_1_72' title='bbox 112 1223 340 1262; x_wconf 86' lang='lat' dir='ltr'>Sordidum</span> <span class='ocrx_word' id='word_1_73' title='bbox 368 1221 559 1261; x_wconf 87' lang='lat' dir='ltr'>flammae</span> <span class='ocrx_word' id='word_1_74' title='bbox 588 1222 800 1275; x_wconf 86' lang='lat' dir='ltr'>trepidant</span> <span class='ocrx_word' id='word_1_75' title='bbox 826 1230 1015 1262; x_wconf 82' lang='lat' dir='ltr'>rotantes</span> 
     </span>
    </p>

    <p class='ocr_par' dir='ltr' id='par_1_10' title="bbox 377 1275 752 1318">
     <span class='ocr_line' id='line_1_18' title="bbox 377 1275 752 1318; baseline -0.011 0"><span class='ocrx_word' id='word_1_76' title='bbox 377 1276 551 1318; x_wconf 80' lang='lat' dir='ltr'>Vertice</span> <span class='ocrx_word' id='word_1_77' title='bbox 577 1275 752 1314; x_wconf 87' lang='lat' dir='ltr'>fumum.</span> 
     </span>
    </p>
   </div>
   <div class='ocr_carea' id='block_1_7' title="bbox 111 1342 1446 1780">
    <p class='ocr_par' dir='ltr' id='par_1_11' title="bbox 112 1342 933 1398">
     <span class='ocr_line' id='line_1_19' title="bbox 112 1342 933 1398; baseline 0.001 -15"><span class='ocrx_word' id='word_1_78' title='bbox 112 1345 169 1383; x_wconf 87' lang='lat' dir='ltr'>Ut</span> <span class='ocrx_word' id='word_1_79' title='bbox 197 1351 336 1382; x_wconf 86' lang='lat' dir='ltr'>tamen</span> <span class='ocrx_word' id='word_1_80' title='bbox 363 1344 501 1391; x_wconf 76' lang='lat' dir='ltr'>noris,</span> <span class='ocrx_word' id='word_1_81' title='bbox 535 1342 685 1398; x_wconf 89' lang='lat' dir='ltr'>quibus</span> <span class='ocrx_word' id='word_1_82' title='bbox 714 1343 933 1384; x_wconf 81' lang='lat' dir='ltr'>advoceris</span> 
     </span>
    </p>

    <p class='ocr_par' dir='ltr' id='par_1_12' title="bbox 112 1395 1130 1451">
     <span class='ocr_line' id='line_1_20' title="bbox 112 1395 1130 1451; baseline 0 -15"><span class='ocrx_word' id='word_1_83' title='bbox 112 1396 304 1436; x_wconf 84' lang='lat' dir='ltr'>Gaudiis:</span> <span class='ocrx_word' id='word_1_84' title='bbox 334 1396 431 1435; x_wconf 86' lang='lat' dir='ltr'>Idus</span> <span class='ocrx_word' id='word_1_85' title='bbox 458 1395 535 1436; x_wconf 84' lang='lat' dir='ltr'>tibi</span> <span class='ocrx_word' id='word_1_86' title='bbox 564 1405 659 1435; x_wconf 87' lang='lat' dir='ltr'>sunt</span> <span class='ocrx_word' id='word_1_87' title='bbox 690 1397 901 1451; x_wconf 78' lang='lat' dir='ltr'>agendae,</span> <span class='ocrx_word' id='word_1_88' title='bbox 1125 1427 1130 1430; x_wconf 59' lang='grc'><strong><em>,</em></strong></span> 
     </span>
    </p>

    <p class='ocr_par' dir='ltr' id='par_1_13' title="bbox 113 1450 1446 1556">
     <span class='ocr_line' id='line_1_21' title="bbox 113 1450 1446 1509; baseline 0.003 -19"><span class='ocrx_word' id='word_1_89' title='bbox 113 1450 200 1509; x_wconf 78' lang='lat' dir='ltr'>Qui</span> <span class='ocrx_word' id='word_1_90' title='bbox 227 1450 315 1490; x_wconf 82' lang='lat' dir='ltr'>(lies</span> <span class='ocrx_word' id='word_1_91' title='bbox 343 1463 531 1488; x_wconf 89' lang='lat' dir='ltr'>mensem</span> <span class='ocrx_word' id='word_1_92' title='bbox 558 1450 737 1491; x_wconf 68' lang='lat' dir='ltr'>Veneris</span> <span class='ocrx_word' id='word_1_93' title='bbox 766 1451 949 1491; x_wconf 85' lang='lat' dir='ltr'>marinae</span> <span class='ocrx_word' id='word_1_94' title='bbox 1397 1455 1446 1495; x_wconf 81' lang='lat'>15</span> 
     </span>
     <span class='ocr_line' id='line_1_22' title="bbox 376 1502 760 1556; baseline 0.005 -15"><span class='ocrx_word' id='word_1_95' title='bbox 376 1503 518 1541; x_wconf 84' lang='lat' dir='ltr'>Findit</span> <span class='ocrx_word' id='word_1_96' title='bbox 545 1502 760 1556; x_wconf 82' lang='lat' dir='ltr'>Aprilem,</span> 
     </span>
    </p>

    <p class='ocr_par' dir='ltr' id='par_1_14' title="bbox 111 1570 898 1628">
     <span class='ocr_line' id='line_1_23' title="bbox 111 1570 898 1628; baseline 0.003 -17"><span class='ocrx_word' id='word_1_97' title='bbox 111 1574 209 1612; x_wconf 78' lang='lat' dir='ltr'>Iure</span> <span class='ocrx_word' id='word_1_98' title='bbox 237 1571 450 1613; x_wconf 84' lang='lat' dir='ltr'>sollemnis</span> <span class='ocrx_word' id='word_1_99' title='bbox 478 1570 602 1621; x_wconf 78' lang='lat' dir='ltr'>mihi,</span> <span class='ocrx_word' id='word_1_100' title='bbox 631 1573 898 1628; x_wconf 84' lang='lat' dir='ltr'>sanctiorque</span> 
     </span>
    </p>

    <p class='ocr_par' dir='ltr' id='par_1_15' title="bbox 111 1625 966 1679">
     <span class='ocr_line' id='line_1_24' title="bbox 111 1625 966 1679; baseline 0.001 -14"><span class='ocrx_word' id='word_1_101' title='bbox 111 1628 255 1665; x_wconf 87' lang='lat' dir='ltr'>Paene</span> <span class='ocrx_word' id='word_1_102' title='bbox 284 1625 410 1664; x_wconf 88' lang='lat' dir='ltr'>natali</span> <span class='ocrx_word' id='word_1_103' title='bbox 435 1625 636 1677; x_wconf 73' lang='lat' dir='ltr'>proprio,</span> <span class='ocrx_word' id='word_1_104' title='bbox 665 1626 778 1679; x_wconf 84' lang='lat' dir='ltr'>quod</span> <span class='ocrx_word' id='word_1_105' title='bbox 810 1640 861 1666; x_wconf 89' lang='lat' dir='ltr'>ex</span> <span class='ocrx_word' id='word_1_106' title='bbox 887 1626 966 1667; x_wconf 80' lang='lat' dir='ltr'>hac</span> 
     </span>
    </p>

    <p class='ocr_par' dir='ltr' id='par_1_16' title="bbox 113 1678 1445 1780">
     <span class='ocr_line' id='line_1_25' title="bbox 113 1678 873 1719; baseline 0.001 -1"><span class='ocrx_word' id='word_1_107' title='bbox 113 1681 229 1719; x_wconf 87' lang='lat' dir='ltr'>Luce</span> <span class='ocrx_word' id='word_1_108' title='bbox 257 1680 475 1719; x_wconf 86' lang='lat' dir='ltr'>Maecenas</span> <span class='ocrx_word' id='word_1_109' title='bbox 503 1691 621 1716; x_wconf 91' lang='lat' dir='ltr'>meus</span> <span class='ocrx_word' id='word_1_110' title='bbox 650 1678 873 1719; x_wconf 85' lang='lat' dir='ltr'>affluentes</span> 
     </span>
     <span class='ocr_line' id='line_1_26' title="bbox 382 1731 1445 1780; baseline 0.002 -9"><span class='ocrx_word' id='word_1_111' title='bbox 382 1731 561 1771; x_wconf 84' lang='lat' dir='ltr'>Ordinat</span> <span class='ocrx_word' id='word_1_112' title='bbox 593 1745 731 1772; x_wconf 85' lang='lat' dir='ltr'>annos.</span> <span class='ocrx_word' id='word_1_113' title='bbox 1389 1747 1445 1780; x_wconf 82' lang='lat'>20</span> 
     </span>
    </p>
   </div>
   <div class='ocr_carea' id='block_1_8' title="bbox 115 1801 1037 2013">
    <p class='ocr_par' dir='ltr' id='par_1_17' title="bbox 115 1801 1037 1855">
     <span class='ocr_line' id='line_1_27' title="bbox 115 1801 1037 1855; baseline 0 -14"><span class='ocrx_word' id='word_1_114' title='bbox 115 1801 376 1855; x_wconf 78' lang='lat' dir='ltr'>Telephum,</span> <span class='ocrx_word' id='word_1_115' title='bbox 404 1814 530 1855; x_wconf 82' lang='lat' dir='ltr'>quem</span> <span class='ocrx_word' id='word_1_116' title='bbox 557 1808 605 1839; x_wconf 88' lang='lat' dir='ltr'>tu</span> <span class='ocrx_word' id='word_1_117' title='bbox 629 1802 761 1854; x_wconf 73' lang='lat' dir='ltr'>petis,</span> <span class='ocrx_word' id='word_1_118' title='bbox 791 1802 1037 1855; x_wconf 85' lang='lat' dir='ltr'>occupavit,</span> 
     </span>
    </p>

    <p class='ocr_par' dir='ltr' id='par_1_18' title="bbox 115 1854 914 1907">
     <span class='ocr_line' id='line_1_28' title="bbox 115 1854 914 1907; baseline 0 -13"><span class='ocrx_word' id='word_1_119' title='bbox 115 1857 209 1894; x_wconf 89' lang='lat' dir='ltr'>Non</span> <span class='ocrx_word' id='word_1_120' title='bbox 237 1864 335 1895; x_wconf 86' lang='lat' dir='ltr'>tuae</span> <span class='ocrx_word' id='word_1_121' title='bbox 364 1854 489 1893; x_wconf 87' lang='lat' dir='ltr'>sortis</span> <span class='ocrx_word' id='word_1_122' title='bbox 518 1854 738 1905; x_wconf 81' lang='lat' dir='ltr'>iuvenem,</span> <span class='ocrx_word' id='word_1_123' title='bbox 772 1855 914 1907; x_wconf 84' lang='lat' dir='ltr'>puella</span> 
     </span>
    </p>

    <p class='ocr_par' dir='ltr' id='par_1_19' title="bbox 115 1907 906 2013">
     <span class='ocr_line' id='line_1_29' title="bbox 115 1907 906 1962; baseline -0.001 -14"><span class='ocrx_word' id='word_1_124' title='bbox 115 1909 247 1948; x_wconf 85' lang='lat' dir='ltr'>Dives</span> <span class='ocrx_word' id='word_1_125' title='bbox 277 1917 320 1948; x_wconf 86' lang='lat' dir='ltr'>et</span> <span class='ocrx_word' id='word_1_126' title='bbox 347 1907 500 1946; x_wconf 82' lang='lat' dir='ltr'>lasciva</span> <span class='ocrx_word' id='word_1_127' title='bbox 517 1937 527 1956; x_wconf 72' lang='grc'>,</span> <span class='ocrx_word' id='word_1_128' title='bbox 555 1915 756 1962; x_wconf 77' lang='lat' dir='ltr'>tenetque</span> <span class='ocrx_word' id='word_1_129' title='bbox 787 1917 906 1961; x_wconf 79' lang='lat' dir='ltr'>grata</span> 
     </span>
     <span class='ocr_line' id='line_1_30' title="bbox 383 1960 828 2013; baseline 0.004 -14"><span class='ocrx_word' id='word_1_130' title='bbox 383 1960 600 2013; x_wconf 86' lang='lat' dir='ltr'>Compede</span> <span class='ocrx_word' id='word_1_131' title='bbox 633 1961 828 2001; x_wconf 87' lang='lat' dir='ltr'>vinctum.</span> 
     </span>
    </p>
   </div>
   <div class='ocr_carea' id='block_1_9' title="bbox 115 2039 1442 2254">
    <p class='ocr_par' dir='ltr' id='par_1_20' title="bbox 115 2039 1442 2254">
     <span class='ocr_line' id='line_1_31' title="bbox 256 2039 268 2053; baseline 0 0"><span class='ocrx_word' id='word_1_132' title='bbox 256 2039 268 2053; x_wconf 72' lang='lat'><em>0</em></span> 
     </span>
     <span class='ocr_line' id='line_1_32' title="bbox 179 2070 1442 2116; baseline 0.002 -12"><span class='ocrx_word' id='word_1_133' title='bbox 179 2072 255 2114; x_wconf 81' lang='lat' dir='ltr'>XI,</span> <span class='ocrx_word' id='word_1_134' title='bbox 280 2084 315 2104; x_wconf 83' lang='lat' dir='ltr'>v.</span> <span class='ocrx_word' id='word_1_135' title='bbox 334 2082 367 2115; x_wconf 85' lang='lat'>9.</span> <span class='ocrx_word' id='word_1_136' title='bbox 391 2070 565 2113; x_wconf 61' lang='lat' dir='ltr'>festinant</span> <span class='ocrx_word' id='word_1_137' title='bbox 590 2071 704 2103; x_wconf 89' lang='lat' dir='ltr'>Codd.</span> <span class='ocrx_word' id='word_1_138' title='bbox 731 2073 882 2116; x_wconf 83' lang='lat' dir='ltr'>aliquot.</span> <span class='ocrx_word' id='word_1_139' title='bbox 910 2072 981 2104; x_wconf 89' lang='lat' dir='ltr'>Sed</span> <span class='ocrx_word' id='word_1_140' title='bbox 1006 2070 1062 2105; x_wconf 79' lang='lat' dir='ltr'>Cs-</span> <span class='ocrx_word' id='word_1_141' title='bbox 1089 2071 1204 2105; x_wconf 82' lang='lat' dir='ltr'>Bentl.</span> <span class='ocrx_word' id='word_1_142' title='bbox 1229 2079 1265 2106; x_wconf 82' lang='lat' dir='ltr'>et</span> <span class='ocrx_word' id='word_1_143' title='bbox 1287 2074 1373 2108; x_wconf 86' lang='lat' dir='ltr'>Fea.</span> <span class='ocrx_word' id='word_1_144' title='bbox 1395 2093 1442 2101; x_wconf 91' lang='lat'><strong>—</strong></span> 
     </span>
     <span class='ocr_line' id='line_1_33' title="bbox 115 2115 1442 2161; baseline 0.002 -11"><span class='ocrx_word' id='word_1_145' title='bbox 115 2130 153 2152; x_wconf 85' lang='lat' dir='ltr'>v.</span> <span class='ocrx_word' id='word_1_146' title='bbox 184 2129 236 2150; x_wconf 83' lang='lat'>11.</span> <span class='ocrx_word' id='word_1_147' title='bbox 272 2119 445 2161; x_wconf 76' lang='lat' dir='ltr'>crepitant</span> <span class='ocrx_word' id='word_1_148' title='bbox 476 2117 569 2149; x_wconf 85' lang='lat' dir='ltr'>coni.</span> <span class='ocrx_word' id='word_1_149' title='bbox 597 2117 710 2149; x_wconf 78' lang='lat' dir='ltr'>Bentl.</span> <span class='ocrx_word' id='word_1_150' title='bbox 743 2137 788 2142; x_wconf 90' lang='lat'>-—</span> <span class='ocrx_word' id='word_1_151' title='bbox 826 2130 861 2150; x_wconf 76' lang='lat' dir='ltr'>v,</span> <span class='ocrx_word' id='word_1_152' title='bbox 890 2119 939 2150; x_wconf 82' lang='lat'>13.</span> <span class='ocrx_word' id='word_1_153' title='bbox 975 2116 1141 2150; x_wconf 75' lang='lat' dir='ltr'>advocet-e</span> <span class='ocrx_word' id='word_1_154' title='bbox 1174 2115 1270 2152; x_wconf 87' lang='lat' dir='ltr'>Coll.</span> <span class='ocrx_word' id='word_1_155' title='bbox 1297 2119 1377 2152; x_wconf 80' lang='lat' dir='ltr'>Sax.</span> <span class='ocrx_word' id='word_1_156' title='bbox 1403 2125 1442 2155; x_wconf 81' lang='lat' dir='ltr'>et</span> 
     </span>
     <span class='ocr_line' id='line_1_34' title="bbox 118 2161 1440 2207; baseline 0.001 -11"><span class='ocrx_word' id='word_1_157' title='bbox 118 2164 212 2196; x_wconf 89' lang='lat' dir='ltr'>coni.</span> <span class='ocrx_word' id='word_1_158' title='bbox 231 2162 380 2204; x_wconf 80' lang='lat' dir='ltr'>Cuning.</span> <span class='ocrx_word' id='word_1_159' title='bbox 402 2162 551 2205; x_wconf 67' lang='lat' dir='ltr'>Recepit</span> <span class='ocrx_word' id='word_1_160' title='bbox 571 2161 683 2198; x_wconf 77' lang='lat' dir='ltr'>Both,</span> <span class='ocrx_word' id='word_1_161' title='bbox 709 2181 752 2187; x_wconf 94' lang='lat'>—</span> <span class='ocrx_word' id='word_1_162' title='bbox 776 2175 814 2198; x_wconf 85' lang='lat' dir='ltr'>v.</span> <span class='ocrx_word' id='word_1_163' title='bbox 831 2174 886 2206; x_wconf 83' lang='lat'>17·</span> <span class='ocrx_word' id='word_1_164' title='bbox 902 2161 1083 2195; x_wconf 76' lang='lat' dir='ltr'>Sollemnis</span> <span class='ocrx_word' id='word_1_165' title='bbox 1100 2164 1329 2198; x_wconf 88' lang='lat' dir='ltr'>scribendum</span> <span class='ocrx_word' id='word_1_166' title='bbox 1351 2175 1440 2207; x_wconf 81' lang='lat' dir='ltr'>esse,</span> 
     </span>
     <span class='ocr_line' id='line_1_35' title="bbox 119 2207 646 2254; baseline -0.002 -14"><span class='ocrx_word' id='word_1_167' title='bbox 119 2219 235 2254; x_wconf 84' lang='lat' dir='ltr'>neque</span> <span class='ocrx_word' id='word_1_168' title='bbox 257 2208 408 2240; x_wconf 78' lang='lat' dir='ltr'>solemu&#39;s</span> <span class='ocrx_word' id='word_1_169' title='bbox 431 2207 541 2240; x_wconf 82' lang='lat' dir='ltr'>docet</span> <span class='ocrx_word' id='word_1_170' title='bbox 564 2208 646 2242; x_wconf 79' lang='lat' dir='ltr'>Fea,</span> 
     </span>
    </p>
   </div>
  </div>
 </body>
</html>
