1526 2404
522 184 760 215 sannorum
787 184 875 213 un.
902 173 933 212 1,
963 185 1003 229 9.
1365 180 1416 222 4·

95 282 161 323 Ne
186 279 306 322 foret
329 278 568 331 hinestis,
596 288 695 334 post
721 293 871 335 magna
897 280 1031 320 latere
1057 278 1267 335 sepulcrm

94 334 278 375 Mentior
306 342 349 374 at
375 334 411 373 si
437 333 559 388 quid,
589 333 745 373 merdis
775 340 901 386 caput
925 333 1120 388 inquiner
1148 331 1251 373 albis

98 388 359 436 Corvorum,
388 395 513 448 atque
542 387 583 426 in
612 400 680 427 me
707 386 847 427 veniat
873 386 1044 426 mictum
1079 394 1205 441 atque
1232 392 1422 426 cacatum

94 441 246 490 Iulius,
276 448 320 480 et
346 439 508 493 fragilis
537 438 748 488 Pediatia,
775 438 932 493 furque
961 440 1168 480 Voranus.

97 493 169 533 Sin
246 507 268 532 a
285 491 388 548 quid
407 490 669 531 memorem?
686 505 773 546 quo
794 500 917 545 pacto
937 493 1096 531 alterna
1122 492 1347 547 loquentes
1368 497 1425 540 40

97 547 176 586 Um
207 558 280 584 rae
310 559 406 584 cum
436 545 597 598 Sagana
623 553 870 584 resonarent
896 545 1015 584 triste
1042 554 1086 585 et
1114 554 1304 596 acutum,

75 599 152 638 'Ut
185 612 240 637 ue
267 598 357 650 lupi
378 597 551 637 barbam
570 597 719 637 ,variae
746 611 840 637 cum
870 597 997 637 dente
1027 597 1227 638 colubrae

94 613 350 691 Ah‘hidefiut
376 649 523 690 furtim
548 651 697 700 terris,
725 658 767 690 et
794 651 974 704 imagine
998 663 1124 690 cerea

94 704 277 757 Largior
305 703 454 743 arserit
479 703 607 758 ignis,
637 712 680 743 et
706 711 754 742 ut
780 717 864 742 non
891 704 1007 742 testis
1035 704 1191 743 inultus

94 756 348 795 Horruerim
376 769 504 796 voces
534 756 756 795 Furiarum
784 764 827 795 et
853 755 965 795 facta
994 756 1184 795 duarum.
1370 754 1425 802 45

95 810 227 855 Nam,
253 808 437 862 displosa
463 817 811 870 sonat.‹[uantum
839 809 998 859 vesica,
1024 809 1182 900 pepedi

95 861 268 901 Difiissa
291 869 387 900 nate
413 860 537 901 ficus:
565 870 606 900 at
632 862 727 900 1llae
755 874 930 900 currere
956 861 999 900 in
1030 876 1082 900 ur
1114 875 1195 901 em.

98 914 294 953 Canidiae
323 913 493 963 dentes,
522 914 651 953 altum
679 913 866 966 Saganae
893 914 1151 953 caliendrum

95 967 329 1016 Excidere,
357 975 483 1022 atque
510 966 686 1014 herbas,
717 974 843 1019 atque
871 966 1075 1006 incantata
1102 965 1270 1005 lacertis

98 1018 301 1071 Vincula,
328 1031 423 1062 cum
451 1032 604 1075 magno
631 1019 803 1074 risuque
829 1018 1008 1076 iocoque
1035 1018 1219 1061 videres.
1372 1016 1428 1058 50

626 1175 795 1216 Suum
824 1175 894 1216 tx.
937 1148 946 1152 ς

167 1279 333 1324 vulgaris
357 1279 505 1324 opinio,
539 1291 610 1324 qua
631 1275 853 1316 haecssati‘ra
876 1280 1010 1326 garruli
1034 1280 1314 1325 descriptionem
1337 1289 1428 1313 eon·

98 1326 212 1358 tinere
246 1331 412 1369 putatur,
446 1326 576 1369 procul
610 1326 721 1360 dubio
748 1338 767 1360 c
793 1329 886 1360 male
918 1326 1106 1358 intellecto
1136 1336 1240 1357 versu
1265 1327 1318 1358 33.
1346 1330 1426 1357 orta

99 1376 162 1402 est.
189 1370 279 1402 Nam
303 1370 433 1403 lectori
461 1371 598 1412 integro
625 1377 661 1403 ct.
685 1373 791 1403 nullis
814 1370 1067 1416 praeiudicatis
1091 1370 1320 1414 opinionibus
1344 1379 1429 1402 cor-

98 1420 206 1458 rupto
232 1416 404 1446 continuo
429 1415 588 1458 patebit,
625 1415 683 1448 hic
718 1427 834 1460 neque
870 1416 1002 1459 garruli
1028 1415 1238 1448 charactera
1261 1414 1427 1457 depingi,

100 1459 236 1502 qualis,
262 1464 301 1490 ut
326 1458 396 1492 hoc
420 1465 518 1500 utar,
545 1460 640 1503 apud
665 1461 950 1505 Theophrastum
977 1459 1157 1503 (Charact.
1185 1458 1264 1502 111.)
1290 1458 1427 1491 descri-

98 1503 217 1543 bitur,
255 1513 372 1545 neque
399 1505 544 1535 omnino
572 1507 748 1546 generalis
774 1505 989 1538 characteris
1013 1506 1121 1537 ullius
1146 1503 1427 1547 descriptionem

99 1547 279 1592 proponi,
306 1548 451 1590 quales,
475 1553 513 1579 ut
538 1551 684 1590 garruli,
709 1550 842 1593 ubique
870 1556 905 1582 et
930 1560 1071 1593 semper
1091 1550 1338 1593 reperiantur;
1361 1547 1427 1580 sed

100 1594 221 1636 potius
254 1590 323 1624 hoc
358 1592 425 1623 sibi
455 1598 601 1634 poetam
634 1595 670 1625 in
703 1594 769 1626 hac
793 1596 900 1626 satira
925 1595 1178 1638 proposuisse,
1210 1594 1283 1625 sive
1308 1603 1426 1624 veram

100 1646 176 1668 rem
202 1641 321 1667 narrat
343 1637 414 1667 sive
437 1635 577 1678 fictam,
610 1643 648 1668 ut
682 1644 802 1670 certos
828 1639 1001 1682 quosdam
1039 1637 1199 1670 homines
1223 1636 1425 1678 derideret,

102 1681 161 1724 qui
187 1680 309 1712 iudicii
342 1681 553 1723 elegantiam
583 1686 618 1713 et
651 1683 827 1724 ingenium
862 1693 1051 1715 amoenum
1077 1683 1285 1715 affectantes
1317 1687 1425 1724 atque

103 1726 306 1768 exemplum
322 1725 460 1766 Virgilii
483 1725 688 1768 Horatiique
714 1728 880 1759 aemulati
907 1729 941 1758 in
964 1728 1183 1761 Maecenatis
1208 1727 1425 1759 familiarita-

100 1775 174 1802 tem
200 1780 238 1802 se
265 1769 446 1801 intrudere
481 1775 699 1811 satagerent,
736 1777 771 1803 et
805 1783 876 1814 quo
916 1773 1047 1804 certius
1078 1773 1114 1804 id
1150 1777 1427 1815 assequerentur

102 1815 177 1846 sine
203 1815 280 1846 ullo
303 1813 443 1858 pudore
470 1819 504 1846 et
530 1814 615 1845 nihil
645 1822 807 1848 verentes
830 1827 874 1848 ne
910 1818 1016 1849 vilem
1049 1828 1150 1849 suum
1183 1823 1218 1849 et
1246 1816 1426 1848 abiectum

103 1859 256 1891 animum
282 1858 500 1902 proderent,
530 1859 692 1891 omnibus
717 1861 831 1892 modis
856 1867 987 1904 poetae
1011 1863 1123 1894 nostri
1149 1862 1337 1894 amicitiam
1364 1870 1426 1891 ex-

101 1913 259 1947 pugnare
284 1904 558 1935 contenderent.
602 1904 688 1936 L'tut
726 1904 796 1937 hoc
829 1907 872 1938 sit
907 1908 1020 1939 multo
1056 1908 1169 1950 aptius
1203 1911 1302 1938 certe
1337 1903 1425 1937 haec

103 1949 211 1979 satira
243 1947 331 1979 male
365 1946 480 1979 seduli
510 1958 613 1990 quam
647 1949 790 1991 gar-ruli
818 1951 1083 1995 inscriptionem
1116 1962 1200 1995 prae
1236 1961 1272 1981 se
1303 1950 1425 1981 ferret.

103 1990 264 2034 Denique
290 1998 324 2024 et
348 1991 418 2024 hoc
440 1992 544 2024 facile
570 1994 780 2036 apparebit,
813 2005 917 2036 quam
944 1996 1075 2028 callide
1102 1996 1168 2028 hae
1194 2005 1338 2038 quoque
1362 2004 1425 2025 oc·

106 2037 250 2069 casione
275 2037 440 2069 Horatius
464 2042 609 2078 utatur,
643 2043 682 2069 ut
705 2038 839 2070 civibus
862 2041 933 2072 suis
954 2040 1197 2082 demonstret,
1224 2040 1337 2083 qualis
1358 2038 1425 2071 sibi

104 2183 152 2192 —
171 2177 209 2198 v.
234 2165 289 2209 4¹·
314 2167 516 2200 resonarint
538 2167 653 2200 Bentl.
678 2178 697 2200 e
723 2169 879 2202 coniect.
904 2158 960 2201 Cf.
985 2167 1113 2204 Heind.
1135 2187 1183 2198 —
1208 2181 1245 2204 v.
1273 2169 1328 2213 45.
1354 2168 1424 2204 Ob·

106 2212 235 2244 ruer-im
258 2223 354 2244 voces
379 2223 424 2245 ex
446 2222 519 2245 uno
544 2212 635 2247 Cod.
659 2214 755 2256 Fea,
778 2212 882 2247 Both.
907 2212 1008 2259 laha,

150 2265 273 2299 norat.
297 2266 344 2300 11.
1133 2257 1160 2299 6
