1526 2404
414 150 653 191 cinnanum
677 162 763 188 mn.
790 149 868 199 111,
894 160 958 190 20.
981 161 1046 187 ιιι.
1320 149 1391 190 103

573 268 762 309 Clima
788 267 880 307 XX.

454 351 552 391 AD
597 347 993 389 PYRRHUM.

136 427 289 462 cannen
320 430 484 463 amatorii
515 430 675 472 generis,
705 438 778 472 quo
802 427 975 472 Pyrrhum
1006 435 1130 464 monet
1155 442 1199 464 ne
1225 443 1245 464 a
1270 433 1392 476 puella

70 472 209 507 amante
232 474 458 517 Nearchum,
488 474 685 507 formosum
707 483 860 518 puerum
882 474 1088 508 abstrahere
1114 482 1278 510 conetur.

525 554 679 588 Meo-um
711 552 936 600 Sapphicum.

67 633 163 672 Non
186 632 331 685 vides,
363 642 519 690 quanto
546 646 719 674 moveas
738 634 926 687 periclo,

67 685 255 737 Pyrrhe,
285 687 490 727 Gaetulae
517 687 679 727 catulos
706 685 911 727 leaenae?
976 694 983 696 ”

66 738 187 778 Dura
210 747 311 792 post
335 740 463 792 paulo
490 740 631 793 fugies
655 739 836 780 inaudax

330 793 503 832 Proelia
528 801 701 846 raptor,

67 852 215 944 guum
238 868 322 916 per
350 855 563 895 obstantes
587 857 788 896 iuvenum
814 865 1004 898 catervas
1371 860 1398 899 5

115 906 148 945 it
171 907 377 961 insignem
402 917 604 961 repetens
630 909 891 949 Nearchum:
1050 921 1052 923 ’

8 966 26 969 fl
68 957 239 999 Grande
266 968 501 1011 certamen,
527 961 607 1001 tibi
633 961 794 1015 praeda
818 962 944 1002 cedat

331 1014 466 1053 Maior
493 1027 546 1053 an
570 1014 647 1055 illi.

68 1070 261 1124 Interim,
288 1074 389 1116 dum
417 1085 465 1117 tu
495 1078 658 1118 celeres
686 1079 856 1132 sagittas
1250 1116 1253 1123 ,

67 1125 257 1177 Promis,
282 1127 389 1169 haec
418 1130 566 1170 dentes
595 1131 707 1171 acuit
734 1130 969 1182 timendos,
1351 1145 1397 1171 10

68 1178 242 1220 Arbiter
261 1194 432 1235 pugnae
458 1183 673 1236 posuisse,
699 1184 814 1224 nudo

105 1235 109 1239 ”
334 1234 423 1274 Sub
449 1236 563 1289 pede
587 1237 770 1290 palmam

68 1300 247 1352 Fertur,
274 1310 319 1342 et
344 1302 430 1342 leni
455 1316 653 1344 recreare
679 1313 808 1345 vento

69 1352 271 1406 Sparsum
299 1355 487 1395 odoratis
514 1355 739 1397 humerum
766 1357 949 1410 capillis:

70 1407 216 1469 Qualis
246 1416 318 1448 aut
342 1408 494 1447 Nireus
519 1407 621 1459 fuit,
649 1418 722 1450 aut
748 1423 906 1465 aquosa
1352 1413 1398 1452 15

331 1461 495 1514 Raptus
520 1461 574 1501 ab
602 1463 685 1503 Ida.

572 1580 900 1621 CAmmuXXI.

417 1663 518 1702 AD
572 1664 1044 1705 AMPHORAM.

140 1741 355 1790 Aniphoram
376 1747 542 1789 generosi
564 1753 602 1781 et
624 1750 751 1782 vetusti
777 1749 846 1782 vini
867 1750 1065 1795 alloquitur
1088 1753 1124 1785 in
1147 1750 1291 1785 Corvini
1314 1761 1392 1795 gra-

78 1791 165 1823 tiam
184 1793 430 1835 promendam.

547 1853 702 1888 ill-etrum
725 1854 917 1889 Alcaicusn.

73 1924 116 1966 Ο
142 1933 239 1966 nata
264 1939 431 1966 meeum
458 1927 630 1969 consule
657 1928 837 1981 Manlio,

73 1977 162 2017 Seu
187 1986 235 2019 tu
263 1979 483 2034 querelas,
508 1980 739 2037 sive'geris
766 1982 906 2035 iocos,

118 2075 188 2107 XX
202 2100 212 2117 ,
234 2087 271 2108 v.
287 2087 315 2109 ι.
339 2089 476 2111 moveas
500 2080 659 2113 tumultu
673 2079 793 2115 codd.
808 2082 906 2126 apud
918 2081 1034 2115 Bentl.
1050 2088 1087 2116 et
1099 2080 1217 2116 Vaud.
1241 2099 1287 2107 —
1310 2093 1347 2114 v.
1361 2083 1394 2115 3.

73 2120 219 2164 paulum
247 2119 341 2154 Cod.
374 2123 481 2157 Brod.
507 2121 603 2157 Coll.
629 2125 758 2159 Saxon.
780 2128 911 2171 aliique
936 2128 1021 2160 libri
1044 2134 1081 2160 et
1113 2127 1203 2159 Edd.
1230 2132 1315 2159 vett.
1348 2143 1394 2150 --

75 2175 111 2196 v.
134 2165 169 2198 6.
201 2165 288 2198 Post
322 2167 525 2202 Nearchum
558 2169 727 2214 Doering.
763 2172 895 2204 minori
932 2173 1223 2218 interpunctione
1260 2171 1392 2211 utitur,

77 2213 117 2240 ut
140 2217 316 2244 certamen
338 2215 516 2259 appositio
540 2213 601 2247 fiat
623 2216 698 2249 eius
719 2217 883 2249 nominis.
