1526 2404
537 137 774 177 sunnonem
803 137 887 163 mn.
918 124 949 164 1.
976 122 1016 165 6.
1305 181 1311 186 ὓ
1384 123 1459 191 3ὲῖἱ

119 232 238 273 Ibant
265 232 429 274 octonis
453 229 693 271 referentes
720 229 862 270 Idibus
891 235 1012 280 aet-83
1386 229 1440 281 75

120 286 208 326 Sed
233 299 413 340 puerum
439 292 504 324 est
530 297 655 323 ausus
684 285 862 324 Romam
888 290 1085 335 portare,
1111 281 1351 323 docendum

122 339 272 389 Artes,
299 351 403 393 quas
432 337 584 377 doceat
612 337 748 391 quivis
775 347 908 390 eques
936 343 1062 390 atque
1086 342 1256 375 senator

123 391 267 431 Semet
294 399 536 444 prognatos.
576 391 751 430 Vestem
777 399 1011 442 servosque
1034 396 1284 442 sequentes,

122 444 169 482 In
195 457 347 498 magno
374 451 422 482 ut
447 442 631 495 populo,
659 442 694 481 si
721 441 793 504 qui
821 441 1017 489 vidisset,
1047 441 1159 480 avita

121 496 188 535 Ex
213 510 263 536 re
319 495 487 535 racberi
511 493 670 534 sumtus
698 494 799 534 nnhi
825 494 1023 533 crederet
1050 493 1159 545 flllos.
1390 493 1444 536 80

121 549 140 588 Ι
170 563 216 588 se
242 510 343 588 mizi
370 555 512 587 custos
535 547 916 601 incorruptissimus
945 558 1090 587 omnes

159 601 293 641 ircum
323 601 522 640 doctores
556 600 712 640 aderat.
740 599 856 659 Quid
878 598 1039 638 multa?
1070 599 1295 653 pudicum,

120 654 215 747 gui
242 654 402 707 primus
428 652 596 692 virtutis
621 646 779 702 honos,
812 652 997 691 servavit
1021 652 1075 692 ab
1104 653 1216 701 omni

162 721 217 746 on
244 707 380 746 solum
408 704 546 755 facto,
570 715 720 745 verum
743 704 977 758 opprobrio
1007 717 1091 759 quo
1125 719 1180 745 ue
1203 705 1340 759 turpi,

122 755 214 799 Nee
240 758 399 807 timuit,
429 755 509 796 sibi
533 770 589 797 ne
614 758 717 797 vitio
746 758 839 812 quis
868 765 1057 797 verteret
1084 772 1110 796 o
1129 758 1209 807 im,
1394 757 1448 798 85
1478 782 1490 788 -

126 812 173 852 Si
198 823 355 864 praeco
383 823 558 864 parvas,
586 817 682 860 aut,
709 816 757 849 ut
784 810 866 849 suit
894 810 1009 862 ipse,
1037 819 1210 850 coactor
1424 816 1430 822 ⁸

53 889 59 892 -
126 864 348 904 Mercedes
377 874 583 918 sequerer
589 875 605 914 3
620 875 774 919 -netsne
800 876 880 918 ego
910 875 1047 902 essem
1065 872 1254 918 questus.
1282 863 1341 902 At
1366 861 1450 902 hoc

919 928 1028 954 nunc

129 969 242 1010 Laus
268 968 331 1008 illi
357 967 540 1008 debetur
567 975 611 1007 et
638 981 660 1006 a
686 980 756 1007 me
785 967 918 1021 gratia
944 968 1092 1007 maior.

131 1022 201 1061 Nil
228 1035 298 1061 me
324 1021 542 1075 poeniteat
570 1032 715 1060 sanum
739 1021 870 1073 patris
899 1019 1045 1069 huius,
1075 1033 1217 1075 eoque

130 1075 247 1124 Non,
273 1081 323 1113 ut
347 1086 497 1128 magna
525 1073 624 1112 dolo
652 1073 812 1112 factum
838 1081 965 1126 negat
994 1086 1088 1112 esse
1115 1087 1192 1112 suo
1215 1084 1338 1127 pars,
1401 1085 1454 1127 9ο

130 1126 265 1221 ssuod
290 1139 376 1166 non
401 1126 607 1180 ingenuos
634 1125 787 1165 habeat
814 1126 1036 1181 clarosque
1063 1135 1286 1179 parentes,

163 1193 203 1220 10
228 1193 300 1220 me
326 1177 564 1218 defendam.
592 1179 741 1232 Longe
768 1191 863 1217 mea
890 1178 1101 1232 discrepat
1128 1179 1217 1220 istis

130 1234 189 1274 Et
215 1245 300 1272 vox
327 1239 372 1271 et
398 1232 520 1271 ratio.
549 1231 654 1270 Nam
682 1232 716 1270 si
742 1237 891 1270 natura
916 1232 1084 1271 iuberet

129 1283 171 1327 A
199 1285 326 1324 certis
354 1285 467 1323 annis
496 1296 647 1323 aevum
672 1297 866 1331 remeare
894 1293 1137 1338 peractum,

131 1339 275 1392 Atque
303 1336 406 1379 alios
432 1337 581 1390 legere
608 1336 661 1375 ad
682 1336 838 1376 fastum
860 1351 1048 1391 quoscun
1110 1352 1134 1377 e
1153 1344 1380 1390 parentesz
1405 1336 1458 1390 95

134 1390 318 1443 Optaret
343 1388 424 1429 sibi
451 1389 651 1443 quisque3
679 1389 783 1428 meis
813 1397 1034 1429 contentus
1092 1398 1263 1430 onestos

134 1441 335 1482 Fascibus
365 1449 408 1481 et
434 1442 547 1481 sellis
575 1442 733 1481 nollem
760 1443 861 1481 mihi
889 1456 1079 1492 sumere,
1107 1443 1280 1483 demens

134 1494 294 1534 Iudicio
322 1494 468 1546 vulgi,
496 1508 617 1533 sanus
646 1494 827 1534 fortasse
863 1503 963 1544 tuo,
994 1495 1110 1549 quod

140 1547 308 1586 Nollem
335 1559 440 1584 onus
466 1547 579 1585 haud
605 1559 786 1600 unquam
806 1548 952 1588 solitus
977 1557 1150 1599 portare
1170 1550 1407 1589 molestum.

135 1601 242 1639 Nam
269 1598 370 1637 mihi
398 1599 595 1637 continuo
623 1599 756 1638 maior
780 1602 1021 1653 quaerenda
1043 1600 1160 1641 foret
1181 1617 1275 1653 res,
1389 1617 1462 1642 100

138 1653 281 1706 Atque
311 1650 518 1689 salutandi
544 1651 711 1703 plures3
740 1652 955 1692 ducendus
986 1662 1028 1693 et
1058 1669 1163 1694 uuus

139 1706 198 1743 Et
225 1716 366 1742 comes
396 1701 529 1752 alter,
559 1703 620 1741 uti
648 1710 700 1742 ne
727 1705 840 1743 solus
868 1719 995 1745 rusve
1023 1720 1264 1761 peregreve

141 1756 338 1804 Exirem3
366 1755 511 1808 plures
541 1755 706 1794 calones
736 1765 860 1811 atque
890 1758 1038 1797 caballi

141 1807 348 1848 Pascendi
358 1822 370 1858 3
401 1807 591 1846 ducenda
615 1810 833 1859 petorrita.
866 1812 986 1850 Nunc
1014 1813 1114 1852 mihi
1144 1821 1267 1853 curto
1287 1845 1295 1855 .

142 1862 211 1901 11·e
238 1861 338 1900 licet
363 1860 478 1900 mulo
507 1860 599 1911 vel,
624 1860 660 1900 si
686 1860 811 1913 libet,
839 1876 974 1919 usque
997 1867 1250 1917 Tarentum,
1392 1865 1465 1904 105

146 2015 193 2024 -
213 2009 251 2030 v.
277 2007 332 2039 79.
357 1997 472 2042 siqui
488 1996 605 2030 Bentl.
638 2006 681 2028 ex
717 1998 858 2039 optimis
892 2003 928 2030 et
960 2000 1156 2032 veterrimis
1181 1998 1299 2032 Codd.
1338 1999 1409 2031 Alii
1440 1999 1472 2029 si

147 2043 227 2087 quis
249 2041 304 2074 Cf.
329 2041 428 2074 Iahn.
454 2040 500 2073 ad
524 2041 596 2073 Sat.
622 2041 659 2081 1,
687 2040 795 2083 4³4¹·
820 2060 863 2066 —
885 2054 920 2075 v.
944 2044 1000 2085 87.
1025 2044 1142 2076 Codd.
1169 2046 1286 2077 varie:
1310 2041 1361 2075 ad
1381 2042 1468 2081 hoc,

149 2085 321 2125 adhaec,
344 2094 384 2118 at
406 2085 492 2125 hoc,
517 2085 560 2117 ob
584 2084 660 2116 hoc.
683 2086 798 2118 Bentl.
821 2088 977 2129 praefert
1002 2087 1053 2119 ad
1072 2088 1169 2120 haec.
1196 2088 1250 2120 Cr.
1275 2087 1399 2120 Heind.
1426 2106 1471 2112 —

150 2141 189 2164 v.
202 2131 258 2173 96.
283 2139 432 2162 onustos
448 2140 516 2174 pro
532 2129 694 2161 honestos
710 2141 728 2161 e
745 2130 862 2162 codd.
879 2132 1039 2164 Lambin.
1065 2133 1119 2164 Cr.
1136 2134 1259 2164 Heind.
1274 2153 1315 2158 —
1339 2144 1376 2164 v.
1396 2140 1469 2164 102.

151 2185 292 2218 peregre
317 2183 382 2208 aut
394 2174 486 2207 Cod.
500 2174 598 2207 Gott.
616 2180 651 2206 et
667 2174 755 2206 Edd.
785 2175 919 2217 aliquot
936 2181 1016 2208 vett.
1043 2178 1113 2210 Sed
1131 2178 1172 2209 V.
1188 2177 1309 2209 Heind.
