1526 2404
158 167 234 198 uo
606 169 646 210 Q·
673 167 865 196 nonA'ru
886 167 1046 198 macc}

154 261 338 303 Omnem
367 260 497 307 crede
526 261 639 302 diem
666 261 742 302 tibi
771 262 971 304 diluxisse
1007 277 1272 318 supremum:

155 316 286 356 Grata
316 315 612 369 superveniet,
702 329 751 356 ae
778 331 863 356 non
891 316 1150 371 sperabitur,
1178 319 1299 361 hora.

155 371 226 409 Me
254 369 457 424 pinguem
487 378 529 408 et
555 368 631 408 niti
662 384 733 408 um
760 369 870 410 bene
900 378 1044 410 curata
1074 379 1172 413 cute
1200 372 1335 427 vises,
1441 371 1489 417 15

159 423 305 481 Quum
332 422 475 462 ridere
504 423 623 464 voles
648 423 824 477 Epicuri
853 423 908 464 de
938 437 1071 478 grege
1097 436 1290 481 porcum.
1475 426 1480 431 ⁴

681 623 895 652 prsronA
923 612 976 656 V.

582 698 662 740 AD
687 701 1064 764 TORQUATUM.

224 791 353 825 Invitat
376 798 486 836 poeta
511 793 663 826 amicum
690 791 734 824 ad
760 804 908 825 coenam
938 793 1111 837 frugalem
1133 798 1169 826 et
1190 793 1386 837 genialem‚
1416 802 1488 839 quo

155 838 236 870 Iulii
255 838 414 871 Caesaris
435 840 588 871 natalem
613 838 710 871 diem
733 838 975 871 celebraturus
999 844 1074 871 erat
1089 863 1100 882 ‚
1133 839 1309 884 simulque
1335 840 1380 871 ad
1400 838 1489 871 hila-

157 894 235 916 rem
254 889 289 916 et
311 885 445 915 laetum
465 884 554 916 vitae
573 895 673 916 usum
697 883 844 925 excitat,
868 878 968 927 quod
990 884 1096 917 etiam
1115 884 1154 916 in
1172 885 1242 919 Od.
1270 895 1287 928 7
1313 885 1413 918 Libri
1427 883 1490 917 IV.

156 928 203 962 ad
223 928 375 961 eundem
395 930 530 973 scripta
553 940 572 961 a
591 935 702 974 poeta
721 927 798 961 fieri
821 928 991 962 videmus.
1299 943 1302 947 ⁴

159 1026 205 1066 Si
230 1034 354 1080 potes
383 1025 805 1080 Archiacispconviva
832 1025 1085 1066 recumbere
1114 1025 1258 1078 lectis,

157 1082 247 1119 Nec
276 1079 652 1123 modicavcoenare
679 1080 802 1119 times
835 1080 927 1119 olus
957 1093 1080 1120 omne
1107 1080 1286 1134 patella,

160 1133 370 1185 Supremo
402 1141 445 1171 te
475 1133 565 1186 sole
597 1133 734 1183 domi,
765 1135 853 1172 Tor
884 1141 1002 1184 uate,
1032 1132 1223 1172 manebo.

95 1231 98 1237 Ι
156 1186 266 1227 Vina
294 1184 421 1223 bibes·
443 1185 597 1234 iterum
623 1188 763 1224 Tauro
793 1186 835 1224 di
876 1201 974 1235 usa,
1010 1186 1222 1238 palustres
1490 1220 1493 1221 γ

157 1240 272 1278 Inter
299 1238 527 1276 Minturnas
557 1238 938 1293 Sinuessanumque
967 1239 1200 1277 Petrinum.
1462 1236 1490 1276 5

159 1292 232 1331 Sin
262 1291 410 1331 melius
441 1290 542 1345 quid
568 1290 721 1341 habes,
751 1305 939 1341 arcesse,
966 1292 1037 1331 vel
1065 1291 1119 1329 im
1154 1290 1288 1330 erium
1316 1288 1397 1329 fer.

158 1344 407 1384 Iamdudum
437 1343 633 1397 splendet
661 1344 812 1395 focus,
841 1353 885 1384 et
914 1345 990 1384 tibi
1016 1359 1114 1383 mun
1147 1358 1170 1383 a
1198 1343 1403 1398 supellex.

160 1399 281 1438 Mitte
310 1397 427 1436 leves
457 1411 577 1450 spes⁷
608 1405 651 1436 et
681 1397 906 1437 certamina
937 1397 1199 1447 divitiarum,
1238 1435 1244 1438 ,

159 1453 218 1491 Et
245 1450 409 1491 Moschi
437 1463 614 1489 causam.
645 1451 746 1489 Cras
776 1459 872 1490 nato
904 1452 1084 1490 Caesare
1115 1450 1251 1490 festus

161 1506 249 1545 Dat
280 1503 443 1545 veniam
472 1508 747 1558 somnumque
779 1504 890 1554 ‹lies3
919 1505 1087 1557 impune
1115 1503 1260 1543 licebit
1445 1515 1493 1542 10

160 1558 375 1598 Aestivam
405 1570 600 1596 sermone
627 1556 808 1612 benigno
837 1557 1015 1597 tendere
1043 1565 1227 1597 noctem.

166 1611 265 1672 Quo
293 1610 394 1649 mihi
420 1610 655 1659 fortunam,
684 1611 718 1649 si
746 1625 829 1650 non
858 1611 1104 1650 conceditur
1132 1610 1224 1650 uti?

160 1667 320 1705 Parcus
351 1662 406 1702 ob
435 1662 605 1702 heredis
634 1676 777 1703 curam
806 1664 1062 1719 nimiumque
1085 1676 1260 1704 severus

161 1717 333 1758 Assidet
354 1717 515 1756 insano.
545 1718 703 1756 Potare
730 1726 774 1757 et
801 1732 1005 1772 spargere
1031 1716 1163 1757 flores

162 1890 209 1899 —
232 1882 265 1902 v.
285 1869 336 1902 13-
361 1865 534 1900 delzm'sse
558 1868 818 1912 antiquissimae
830 1871 921 1904 Edd.
948 1869 1019 1904 Sed
1039 1870 1122 1904 Vid.
1143 1869 1227 1903 Fen.

253 1929 299 1971 V,
323 1939 360 1960 v.
389 1938 418 1960 1.
457 1928 645 1961 Archiacis
676 1932 817 1975 plurimi
853 1931 967 1964 Codd.
1004 1938 1107 1976 atque
1141 1933 1246 1965 etiam
1272 1927 1491 1973 Porphyri03

164 1973 325 2008 Achaicis
350 1973 483 2016 aliquot
507 1974 621 2006 Codd.
642 1976 802 2008 Lambin.
830 1979 995 2010 Torrent.
1019 1978 1110 2010 Feae
1126 1985 1136 2019 ;
1154 1978 1327 2017 aliorum,
1355 1980 1389 2007 et
1413 1985 1489 2006 om-

163 2032 226 2053 nes
250 2021 324 2052 sere
349 2018 439 2050 Edd.
463 2020 679 2063 antiquiores
700 2022 752 2053 Cs-
778 2023 889 2055 Bcntl.
915 2029 948 2056 et
969 2024 1050 2055 Fea.
1087 2041 1131 2048 —
1166 2033 1197 2054 v.
1222 2032 1274 2054 ιι.
1307 2017 1491 2052 extendere

165 2064 281 2098 Codd.
299 2064 435 2107 aliquot
456 2064 547 2096 Feae
570 2070 603 2097 et
621 2067 872 2100 vetustissimae
891 2067 982 2100 Edd.
995 2066 1200 2100 Vid.Bentl.
1222 2083 1269 2090 —
1291 2078 1323 2100 v.
1339 2063 1490 2109 imfer-

167 2118 288 2144 tunam
306 2110 415 2141 Bentl.
439 2119 480 2140 ex
502 2111 635 2153 aliquot
655 2111 958 2156 Codd.f01·tunae
980 2113 1050 2146 Fen
1074 2122 1118 2145 ex
1135 2111 1273 2144 duobus
1296 2110 1394 2144 MSS.
1419 2107 1491 2141 Sed

165 2155 271 2198 longe
294 2153 437 2198 plurimi
465 2154 775 2199 Codd.]bmmzu,
795 2169 899 2202 quam
923 2158 1115 2192 lectionem
1138 2157 1350 2202 Doeringius
1373 2154 1490 2200 posita

166 2205 249 2245 post
272 2197 357 2231 mihi
375 2197 601 2234 distinctione
626 2202 776 2245 minori,
801 2203 959 2236 servavit.
