1526 2404
464 149 695 180 cnnmwx
723 152 808 179 mn.
836 140 914 191 111,
946 142 1005 182 15.
1346 155 1399 197 97

74 245 294 300 virginum
318 254 498 298 matres,
524 247 809 302 iuvenumque
834 260 973 302 nuper

71 297 297 353 Sospitam.
334 298 425 341 Vos
452 313 478 339 o
505 299 651 353 pueri,
680 307 725 339 et
747 299 917 354 puellae
1352 315 1399 342 ιο

70 351 156 391 Iam
182 351 319 392 virum
348 360 544 406 expertes
573 352 684 391 male
711 352 905 393 ominatis

331 405 501 445 Parcite
532 404 689 445 verbis.

70 469 152 508 Hic
179 468 269 509 dies
293 482 397 509 vere
423 468 526 508 mihi
552 468 689 508 festus
713 476 826 509 atras

66 522 233 562 Eximet
261 535 408 562 curas:
438 535 520 575 ego
548 534 629 561 nec
653 522 904 573 tumultum,

64 574 153 614 Nec
182 575 292 615 mori
317 588 398 628 per
427 575 510 614 vim
537 581 743 625 metuam,
771 582 944 619 tenente
1350 579 1398 618 15

331 627 513 669 Caesare
542 636 691 667 terras.

63 690 104 738 1,
130 696 233 743 pete
258 704 317 729 un
349 698 545 740 uentum,
575 702 707 744 puer,
736 697 780 730 et
808 703 1010 742 coronas,

66 743 123 782 Et
149 741 299 782 cadum
350 743 455 782 Iarsi
483 755 716 783 memorem
745 743 898 793 duelli,

66 794 315 850 Spartacum
346 797 381 835 si
410 797 491 850 qua
515 796 655 849 potuit
682 804 905 849 vagantem

327 849 498 888 Fallere
526 857 650 888 testa.
1345 863 1399 891 20

58 904 144 952 'Dic
172 920 216 952 et
242 921 417 967 argutae
443 921 651 1004 pl‘Ofleret
674 913 864 951 Neaerae

65 966 309 1017 Myrrheum
332 967 446 1006 nodo
475 980 525 1006 co
557 965 677 1004 ibere
704 965 886 1005 crinem:

67 1018 113 1057 Si
139 1032 220 1072 per
246 1019 425 1059 invisum
450 1032 571 1059 mora
595 1018 820 1058 ianitorem

331 1072 429 1111 Fiet
444 1077 463 1122 ‚'
485 1072 613 1111 abito.

64 1135 189 1175 Lenit
215 1135 433 1175 albescens
461 1134 621 1173 animos
649 1132 823 1187 capillus
1347 1136 1399 1175 25

65 1188 220 1228 Litium
248 1195 292 1228 et
314 1188 432 1227 rixae
457 1187 635 1240 cupidos
697 1193 917 1226 rotervae:

66 1241 159 1280 Non
187 1253 272 1295 ego
298 1240 382 1281 hoc
410 1239 594 1289 ferrem,
622 1253 645 1279 c
691 1238 782 1278 ’dus
809 1238 992 1280 iuventa.

333 1291 516 1333 Consule
542 1293 715 1332 Planco.

571 1411 890 1452 CAnmquV.

437 1495 546 1534 AD
601 1494 1024 1536 CHLORIN.

70 1574 359 1652 namneticam,
381 1582 422 1610 ut
449 1579 518 1611 iam
539 1581 658 1613 vetula
679 1581 898 1625 petulantiae
921 1583 958 1612 et
970 1577 1110 1612 libidini
1133 1577 1280 1615 modum
1305 1592 1392 1616 con-

68 1644 76 1650 ,
131 1631 175 1653 ua
193 1644 202 1652 .

534 1669 688 1702 ,Metram
711 1668 818 1714 quale
841 1668 869 1699 1.
892 1669 923 1700 3.

71 1742 187 1781 Uxor
249 1743 414 1795 auperis
444 1743 582 1794 Ibyci,

124 1797 216 1833 'I'an
248 1808 316 1834 em
342 1795 553 1850 nequitiae
579 1794 663 1849 fige
690 1794 863 1834 modum
893 1802 1016 1845 tuae,

137 1906 174 1927 v.
192 1905 244 1927 ιι.
268 1895 345 1926 Iam
368 1894 482 1926 ’νὶι-ιιηι
506 1900 667 1938 expertae
692 1896 745 1924 est
760 1888 878 1924 Codd.
902 1890 1037 1935 Iectio3
1062 1904 1168 1937 quam
1191 1905 1257 1928 nos
1281 1898 1399 1940 sequi-

71 1949 151 1971 mur
184 1950 227 1971 ea
259 1939 466 1982 Cunigamio
502 1939 678 1978 debetur,
713 1937 876 1980 plurimis
908 1937 1114 1971 Editoribus
1149 1942 1398 1984 comprobata.

72 1983 192 2017 Bentl.
205 1985 299 2016 coni.
326 1984 408 2015 Non
425 1986 485 2016 vir.
503 1995 579 2028 exp.
595 1981 711 2015 Codd.
726 1982 920 2014 lectionem
936 1987 1057 2015 tuetur
1069 1984 1238 2028 Doeriug.
1262 1986 1400 2018 Eadem

76 2038 175 2061 versu
199 2029 283 2060 libri
309 2029 408 2060 MSS.
433 2029 605 2060 fluctuant
627 2027 721 2058 inter
744 2026 833 2057 male
855 2028 1012 2060 ominata
1033 2033 1070 2060 et
1091 2029 1181 2060 male
1205 2031 1399 2062 nominata.

75 2072 190 2106 Bentl.
215 2073 310 2105 coni.
335 2073 424 2104 male
446 2071 683 2105 iamominau's.
708 2070 760 2103 De
786 2076 866 2103 toto
891 2082 994 2104 versu
1019 2073 1179 2116 inprimis
1205 2074 1259 2106 Cf.
1283 2074 1398 2106 Bentl.

77 2118 158 2150 Fea.
182 2117 290 2149 Both.
315 2116 499 2149 Annotatt.
524 2135 570 2142 -
603 2128 639 2148 v.
669 2124 720 2157 19.
745 2115 847 2147 Both.
874 2117 969 2149 coni.
990 2118 1124 2162 siquae.
1408 2121 1410 2123 “

134 2161 214 2202 XV,
246 2173 281 2194 v.
300 2171 332 2194 2.
357 2161 473 2194 Codd.
499 2161 644 2206 quidam
668 2159 764 2203 apud
784 2160 907 2194 Lamb.
933 2166 971 2193 et
993 2161 1107 2195 Vand.
1130 2173 1223 2207 pone
1247 2161 1398 2195 modum.

122 2215 243 2248 Horat.
254 2215 284 2249 1.
1083 2219 1110 2255 7
