1526 2404
459 179 462 183 ·
502 179 760 206 nrisroban.
778 179 867 206 un.
889 167 920 206 1.
948 180 1007 217 ¹7·
1338 171 1411 209 133

93 271 242 316 Dante*
258 272 416 324 minor,
443 272 632 328 quamvis
660 271 749 312 fers
771 279 817 312 te
842 271 997 312 nullius
1024 278 1235 325 egentem.

94 323 243 372 Omnis
272 326 535 388 Aristippum
562 326 704 366 decuit
731 326 852 366 color
880 334 924 365 et
950 332 1082 364 status
1110 333 1155 365 et
1178 339 1273 378 res,

94 379 343 424 Tentantem
368 393 547 429 maiora,
574 378 669 418 fere
695 377 987 432 praesentibus
1014 390 1209 432 aequum.

94 431 275 483 Contra,
302 446 430 488 quem
458 432 616 486 duplici
640 446 777 486 panno
802 431 1001 486 patientia
1027 433 1167 483 velat,
1360 432 1411 472 25

92 483 300 536 Mirabor‚
327 486 437 525 vitae
464 486 532 538 via
555 485 592 524 si
617 498 819 525 conversa
847 485 1029 525 decebit.

92 536 215 576 Alter
271 552 501 591 urpureum
527 552 612 578 non
639 538 896 592 exspectabit
923 538 1139 587 amictum,

169 590 236 629 ‘dl'
270 599 314 631 et
334 591 503 631 indutus
533 590 809 632 celeberrima
834 605 916 654 per
932 592 1036 631 *loca
1064 591 1212 639 vadet,

131 653 408 699 ersonamque
433 644 548 685 feret
573 659 656 685 non
682 645 951 685 inconcinnus
976 653 1222 698 utramque:

92 696 216 736 Alter
241 697 384 742 Mileti
397 706 555 738 textam
580 711 682 738 cane
707 698 826 752 peius
855 707 899 738 et
924 697 1049 751 angui
1358 696 1412 736 30

92 749 254 791 Vitabit
278 750 559 803 chlamydem3
585 751 790 791 morietur
813 751 998 806 frigore,
1029 750 1065 790 si
1091 763 1176 788 non

93 802 306 842 Retuleris
332 818 535 857 pannum:
562 804 704 855 refer,
734 813 777 844 et
802 805 891 844 sine
920 806 1031 844 vivat
1057 803 1239 856 ineptus.

93 857 181 894 Res
209 869 361 909 gerere
390 865 433 896 et
460 865 603 910 captos
633 858 857 897 ostendere
885 857 1045 898 civibus
1076 856 1221 896 hostes

94 908 273 970 Attingit
298 910 448 949 solium
474 910 584 950 Iovis
612 918 656 950 et
682 911 880 951 coelestia
906 918 1052 950 tentat.

93 961 357 1015 Principibus
383 963 590 1016 placuisse
619 964 718 1004 viris
745 978 828 1006 non
855 964 1002 1005 ultima
1025 964 1114 1002 laus
1141 970 1218 1003 est.
1356 962 1411 1009 35

93 1015 187 1053 Non
215 1015 346 1054 cuivis
373 1015 531 1055 homini
556 1017 759 1071 contingit
786 1016 901 1056 adire
929 1016 1189 1056 Corinthum.
1367 1018 1372 1022 ’

94 1066 235 1118 Sedit,
261 1069 334 1123 qui
358 1069 495 1108 timuit
521 1083 574 1109 ne
600 1084 684 1110 non
710 1069 982 1110 succederet:
1012 1077 1127 1109 esto:-

95 1119 232 1177 Quid‚
259 1122 331 1176 qui
356 1123 573 1175 pervenit,
599 1123 758 1163 fecitne
786 1122 992 1168 viriliter?
1017 1121 1148 1176 Atqui

92 1173 174 1212 Hic
193 1181 257 1213 est
275 1181 346 1213 aut
361 1189 562 1237 nusquam
574 1205 586 1227 ‚
614 1177 729 1231 quod
748 1176 1007 1231 quaerimus:
1035 1176 1103 1214 hic
1121 1188 1225 1215 onus
1243 1175 1406 1225 horret,

92 1227 150 1266 Ut
173 1226 313 1279 parvis
340 1227 483 1277 animis
514 1237 558 1268 et
582 1243 715 1283 parvo
744 1242 926 1283 corpore
953 1229 1107 1278 maius3
1355 1237 1408 1277 ζμ)

90 1279 173 1319 Hic
199 1278 311 1320 subit
336 1289 380 1321 et
403 1281 579 1335 perfert.
633 1283 720 1322 Aut
750 1283 882 1323 virtus
908 1296 1062 1323 nomen
1089 1282 1209 1322 inane
1237 1289 1328 1334 est,

91 1333 179 1372 Aut
205 1333 333 1373 decus
363 1343 406 1374 et
430 1336 614 1388 pretium
640 1344 758 1375 recte
786 1336 892 1389 petit
920 1335 1141 1388 experiens
1175 1335 1254 1376 vir.

93 1386 246 1424 Coram
272 1397 376 1440 rege
403 1402 477 1427 sua
506 1388 559 1427 de
587 1397 834 1442 paupertate
861 1397 1049 1428 tacentes

90 1438 191 1477 Plus
219 1448 424 1491 poscente
451 1441 605 1481 ferent.
658 1442 815 1491 Distat,
845 1455 1036 1481 sumasne
1061 1441 1292 1494 pudenter,

90 1490 158 1529 An
183 1492 339 1543 rapias:
369 1494 483 1547 atqui
509 1508 652 1534 rerum
681 1497 806 1548 caput
831 1495 915 1533 hoc
945 1503 1056 1543 erat⁷
1084 1495 1152 1533 hic
1179 1494 1288 1532 fons.
1353 1495 1406 1541 [15

91 1543 279 1582 Indotata
305 1545 405 1583 mihi
433 1560 556 1585 soror
584 1556 671 1596 est,
701 1547 960 1600 paupercula
986 1555 1141 1595 mater,

93 1595 149 1634 Et
169 1595 324 1635 fundus
352 1610 429 1636 nec
459 1599 675 1638 vendibilis
696 1614 774 1639 nec
803 1612 981 1652 pascere
1006 1599 1172 1647 firmus,

51 1692 54 1696 ,
94 1649 181 1705 Qui
206 1648 328 1697 dicit,
356 1651 526 1690 clamat:
555 1653 723 1692 Victum
750 1653 858 1691 date.
913 1652 1098 1691 Succinit
1124 1653 1251 1702 alter,

93 1704 150 1741 Et
175 1702 275 1741 mihi
300 1702 470 1743 dividuo
497 1703 679 1744 findetur
704 1718 879 1744 munere
907 1705 1077 1759 quadra.

95 1755 182 1794 Sed
207 1755 355 1794 tacitus
383 1756 498 1808 pasci
525 1757 559 1795 si
584 1766 729 1810 posset
757 1771 932 1806 corvus,
959 1757 1135 1796 haberet
1350 1759 1403 1797 50

93 1809 194 1847 Plus
216 1808 331 1861 dapis
360 1817 404 1847 et
430 1809 545 1848 rixae
574 1810 706 1849 multo
735 1810 866 1849 minus
893 1810 1173 1865 invidiaeque.

93 1861 375 1900 Brundusium
402 1874 542 1901 comes
571 1871 641 1902 aut
669 1864 916 1902 Surrentum
942 1863 1091 1902 ductus
1119 1877 1360 1913 amoenum,

93 1914 181 1973 Qui
208 1914 398 1969 queritur
423 1915 605 1954 salebras
633 1925 677 1956 et
701 1915 899 1956 acerbum
924 1915 1060 1971 frigus
1088 1924 1131 1956 et
1156 1917 1334 1967 imbres,

95 2090 139 2097 —
160 2083 197 2105 v.
220 2074 276 2108 30.
299 2073 418 2118 angui
435 2074 586 2107 restituit
608 2075 719 2108 Benu.
745 2087 765 2109 e
790 2074 904 2108 codd.
929 2087 1033 2120 quem
1050 2074 1132 2107 vid.
1153 2075 1255 2118 vulg.
1273 2087 1403 2119 angue.

94 2134 139 2141 —
158 2128 194 2149 v.
225 2119 279 2160 43.
302 2131 370 2151 sua
393 2119 503 2151 Bentl.
528 2131 568 2152 ex
594 2131 663 2153 uno
690 2121 780 2159 (jod.
806 2122 860 2153 cui
886 2120 1022 2153 accedit
1047 2120 1135 2152 Cod.
1159 2122 1251 2153 Feae
1275 2127 1309 2153 et
1336 2123 1402 2153 Na-

95 2161 174 2193 lart.
198 2163 300 2206 Vulg.
323 2176 406 2205 suo,
430 2165 526 2208 quod
552 2171 670 2198 tuetur
681 2167 763 2199 Fra.
779 2184 824 2191 -
838 2178 876 2199 v.
896 2167 950 2208 49.
971 2164 1159 2210 quadrans
1183 2167 1271 2198 Tres
1285 2165 1402 2198 codd.

96 2205 253 2240 Pulm'an.
276 2210 384 2253 Cruq.
409 2210 535 2243 Comb.
