1526 2404
159 174 237 222 144
602 183 644 225 ρ.
671 183 856 211 nonna
884 168 1042 212 nmen

156 278 312 319 Cetera
342 291 608 334 nequaquam
640 277 764 317 simili
795 277 958 318 ratione
988 275 1204 332 modoque
1434 289 1488 319 πο

155 332 386 382 Aestimat,
416 340 480 382 et,
515 331 592 371 nisi
625 346 734 386 quae
768 331 895 372 terris
928 338 1088 371 semota
1120 331 1293 387 suisque

154 386 261 425 Tem
296 386 440 426 oribus
469 384 668 425 defuncta
702 385 842 435 videt,
876 383 1036 424 fastidit
1067 392 1112 425 et
1142 383 1254 435 odit,

158 439 229 478 Sic
283 446 407 479 autor
438 446 656 489 veterum,
697 447 746 478 ut
774 438 937 478 tabulas
979 450 1160 490 peccare
1190 446 1413 491 vetantes,

156 492 272 552 Quas
307 492 370 531 bis
403 492 589 547 quinque
621 491 704 533 viri
731 498 975 540 sanxerunt,
1009 490 1187 530 foedera
1214 505 1364 546 regum

156 546 240 587 wel
275 545 416 586 Gabiis
448 546 518 586 vel
552 559 648 585 cum
679 545 824 600 rigidis
857 552 1034 599 aequata
1065 543 1248 597 Sabinis,
1436 545 1490 586 25

154 598 411 639 Pontificum
442 599 596 648 libros,
634 613 784 639 annosa
816 597 1028 640 volumina
1059 605 1225 650 vatum,

155 653 337 692 Dictitet
370 652 533 693 Albano
562 654 698 692 Musas
731 652 773 691 in
805 659 948 692 monte
980 651 1157 691 locutas.

157 706 225 755 Si,
258 705 356 760 quia
390 706 654 746 Graecorum
686 714 783 745 sunt
815 704 1096 759 antiquissima
1124 718 1320 760 quaeque

157 759 326 812 Scripta
358 759 428 799 vel
463 760 645 813 optima,
677 758 856 798 Romani
887 765 1117 811 pensantur
1149 757 1297 798 eadem

157 812 399 874 Scriptores
432 813 612 863 trutina,
640 827 723 853 non
757 820 822 852 est
854 811 971 867 quod
1002 811 1132 851 multa
1162 811 1409 866 loquamur:
1435 810 1489 853 30

156 865 224 904 Nil
258 874 365 905 mtra
394 873 459 905 est
497 867 656 916 oleam,
684 866 741 904 nil
775 873 894 905 extra
926 872 991 904 est
1023 864 1065 903 in
1097 877 1205 904 nuce
1239 864 1347 905 duri.

156 918 359 960 Venimus
395 919 448 958 ad
481 933 687 958 summum
718 918 939 969 fortunae,
971 917 1178 980 pingimus
1211 925 1339 972 atque

158 972 399 1023 Psallimus,
430 981 474 1012 et
505 972 713 1012 luctamur
745 971 916 1012 Achivis
949 971 1114 1011 doctius
1146 971 1297 1011 unctis.
1376 978 1378 981 ’

158 1025 205 1064 Si
237 1025 413 1065 meliora
445 1026 554 1075 dies,
587 1033 635 1065 ut
666 1026 783 1076 vina,
815 1028 1011 1079 poe’mata
1042 1024 1207 1074 reddit,

160 1079 279 1118 Scire
313 1079 461 1128 velim,
489 1079 676 1132 pretium
709 1079 862 1119 chartis
892 1085 1047 1133 quotus
1069 1086 1243 1130 arroget
1261 1090 1404 1117 annus·
1435 1077 1490 1118 35

159 1131 254 1171 Scri
286 1139 356 1171 tor
388 1132 537 1171 abhinc
572 1146 698 1172 annos
733 1140 901 1171 centum
963 1131 1007 1169 ui
1041 1131 1220 1180 decidit,
1251 1131 1364 1171 inter

157 1185 245 1223 Per
269 1193 385 1224 ectos
418 1193 673 1263 veteresque
707 1184 864 1223 referri
898 1184 950 1222 de
983 1191 1046 1233 et,
1080 1198 1130 1222 an
1163 1183 1275 1223 inter

157 1237 276 1278 Viles
306 1245 431 1292 atque
464 1244 621 1278 novos‘.
662 1236 857 1276 excludat
889 1236 1023 1288 iurgia
1055 1233 1159 1275 finis.
1195 1260 1251 1266 —-

159 1291 239 1330 Est
270 1298 393 1331 vetus
426 1298 552 1344 atque
581 1290 764 1351 probus,
799 1296 966 1328 centum
999 1289 1071 1343 qui
1091 1287 1260 1341 perficit
1279 1302 1490 1329 annos.—

160 1342 306 1400 Quid?
341 1344 415 1397 qui
447 1344 629 1396 depcrlit
659 1342 797 1382 minor
829 1356 912 1381 uno
945 1355 1085 1381 mense
1118 1343 1355 1392 vel.ann0,
1436 1348 1489 1390 4ο

159 1397 274 1436 Inter
303 1411 409 1451 quos
438 1397 688 1436 referendus
723 1394 833 1434 erit?
866 1402 1088 1434 veteresne
1120 1394 1298 1449 poetas?

161 1451 228 1489 An
258 1464 363 1504 quos
397 1458 440 1489 et
471 1463 668 1502 praesens
702 1456 746 1487 et
777 1448 950 1502 postera
982 1457 1156 1502 respuet
1189 1446 1332 1488 aetas?
1362 1470 1418 1478 —-

159 1503 241 1542 Iste
272 1503 442 1556 quidem
473 1510 640 1542 veteres
673 1502 783 1540 inter
810 1508 993 1554 ponetur
1024 1501 1223 1552 honeste,

160 1556 250 1649 gui
281 1556 351 1596 vel
383 1570 523 1595 mense
557 1555 679 1595 brevi
710 1555 778 1594 vel
811 1562 903 1595 toto
939 1562 1004 1592 est
1035 1554 1174 1596 iunior
1201 1570 1321 1596 anno.
1352 1578 1408 1586 -·

201 1618 270 1649 tor
302 1609 531 1670 permisso,
566 1609 807 1662 caudaeque
835 1607 943 1660 pilos
971 1615 1020 1646 ut
1049 1609 1225 1662 equinae
1436 1609 1490 1657 45

160 1662 365 1703 Paulatim
397 1663 532 1712 vello,
568 1670 610 1701 et
643 1662 765 1701 demo
799 1676 948 1710 unum,
981 1660 1105 1701 demo
1140 1670 1184 1702 et
1214 1662 1317 1702 item
1346 1676 1490 1714 unum,

162 1717 278 1756 Dum
307 1715 427 1754 cadat
459 1715 598 1755 elusus
630 1715 791 1755 ratione
819 1714 979 1753 ruentis
1012 1715 1176 1766 acervi,

163 1769 249 1823 Qui
279 1768 391 1808 redit
422 1769 464 1807 in
495 1768 649 1820 fastos,
683 1775 728 1808 et
760 1768 963 1810 virtutem
994 1768 1185 1809 aestimat
1215 1767 1375 1822 annis,

162 1936 208 1944 —
222 1929 261 1950 v.
290 1918 345 1951 28.
372 1918 566 1950 Graiorum
578 1918 690 1952 Bentl.
704 1932 744 1953 ex
758 1919 870 1953 trihus
882 1919 998 1953 Codd.
1017 1919 1072 1953 Cf.
1087 1921 1158 1954 Fea
1175 1925 1210 1954 et
1222 1917 1324 1951 Both.
1340 1916 1488 1949 Annott.

162 1983 207 1990 —
231 1975 267 1996 v.
293 1974 347 2006 29.
370 1972 565 2008 pensentur
590 1964 704 1997 Codd.
731 1965 801 1997 duo
828 1967 958 1998 Bersm.
983 1984 1027 1990 —
1050 1978 1086 1998 v.
1113 1968 1171 2000 31.
1205 1964 1282 1997 olea
1311 1962 1489 1995 Bentleius

165 2009 392 2050 coniectura,
421 2021 524 2052 quem
551 2010 604 2042 Cs.
628 2029 672 2034 -—
693 2022 731 2042 v.
758 2013 812 2044 39..
846 2022 1013 2043 summam
1039 2007 1160 2044 Codd.'
1188 2010 1322 2053 aliquot
1356 2008 1488 2039 Ber-sm.

165 2059 200 2086 et
222 2055 248 2085 F
252 2065 324 2086 eae.
348 2073 391 2079 —-
411 2065 448 2086 v.
474 2056 528 2087 33.
543 2055 667 2087 sestius
681 2067 746 2100 pro
765 2055 909 2087 doctius
926 2057 952 2088 F
955 2067 995 2089 ea
1011 2067 1052 2089 ex
1067 2054 1221 2099 Eutyche
1239 2052 1332 2098 apud
1346 2051 1488 2084 putsch.

163 2110 202 2143 p.
229 2109 328 2141 2¹79·
353 2117 399 2124 —
421 2110 459 2131 v.
485 2101 539 2142 39.
567 2102 652 2145 qnia
673 2100 816 2146 perficit
840 2101 942 2133 Both.
967 2112 1049 2134 cum
1071 2094 1236 2133 Torrent.
1265 2109 1284 2131 e
1310 2097 1427 2132 Codd.
1443 2113 1490 2121 «-

163 2155 202 2175 v.
228 2142 282 2186 46.
306 2145 358 2176 Ita
383 2146 489 2187 longe
513 2146 654 2188 plurimi
681 2146 798 2178 Codd.
823 2147 953 2179 serunt.
977 2146 1145 2178 vetustae
1157 2143 1246 2176 Edd.
1271 2142 1370 2176 demo
1385 2143 1489 2174 etiam
1522 2151 1524 2153 ·

165 2199 295 2222 unum.
323 2190 404 2221 vid.
430 2190 540 2221 Bentl.
569 2196 603 2222 et
626 2192 709 2223 Fen.
733 2192 811 2223 Duo
838 2190 953 2223 Codd.
977 2191 1070 2223 Feae
1100 2189 1198 2222 demo
1231 2188 1349 2221 itidem
1380 2197 1489 2221 unum

165 2233 263 2279 quod
287 2235 418 2280 probat
438 2234 539 2274 Both.
565 2236 600 2267 in
625 2236 809 2268 Annotatt.
828 2241 870 2268 ὀἳ
891 2236 1030 2282 recepit
1052 2235 1150 2268 Iahn.
1165 2253 1211 2261 —
1233 2244 1273 2267 v.
1291 2233 1348 2278 48.
1361 2235 1398 2268 in
1400 2232 1487 2280 sas-
