1526 2404
68 186 81 193 r
135 160 208 202 ¹24
581 168 620 207 Q,
649 168 832 194 nonrru
862 169 1016 195 maxum

179 260 407 309 Devictus,
437 267 479 299 et
505 259 683 313 pulcher
712 259 867 314 fugatis

232 313 308 353 Ille
338 313 426 352 dies
455 313 576 352 Latio
604 314 814 364 tenebris,

129 386 215 446 Qui
241 388 400 441 primus
430 389 535 428 alma
562 389 654 429 risit
682 389 861 441 adorea,
928 397 929 401 ’

127 443 256 481 Dirus
285 455 364 495 per
390 442 516 481 urbes
546 443 655 482 Afer
676 451 725 482 ut
750 443 895 494 Italas,

182 496 273 534 Ceu
299 493 465 534 flamma
491 509 570 549 per
596 496 761 548 taedas,
788 498 853 537 vel
881 499 1020 539 Eurus

234 550 321 587 Per
350 549 507 589 Siculas
538 550 739 604 equitavit
767 551 910 591 undas.

128 603 233 642 Post
260 602 342 641 hoc
369 603 560 642 secundis
588 616 721 658 usque
750 604 963 646 laboribus

129 657 319 696 Romana
346 655 481 709 pubes
514 657 668 706 crevit,
698 665 741 696 et
759 657 888 711 impio

180 710 352 752 Vastata
379 710 622 750 Poenorum
650 711 833 750 tumultu
914 711 919 718 “

231 763 346 802 Fana
372 763 491 803 Deos
517 763 705 803 habuere
732 773 888 816 rectos3

130 835 331 890 Dixitque
359 835 526 875 tandem
553 836 739 889 perfidus
776 839 1004 881 Hannibal:

131 889 278 938 Cervi,
307 889 504 942 luporum
531 891 689 942 praeda
716 893 954 945 rapacium,

183 943 404 982 Sectamur
430 943 566 991 ultro7
595 956 700 998 quos
734 945 896 1004 opimus

232 996 400 1035 Fallere
429 1004 471 1035 et
500 995 696 1050 effugere
726 1007 790 1038 est
809 999 1057 1054 triumphus.

132 1070 244 1109 Gens
263 1101 274 1119 .,
303 1085 410 1125 quae
442 1080 625 1110 cremato
654 1072 778 1114 fortis
809 1075 859 1114 ab
886 1076 962 1115 Ilio

129 1124 281 1162 lactata
311 1124 735 1178 'l'uscisaequoribus
763 1142 903 1180 sacra,
967 1158 976 1164 .

182 1178 411 1231 Natosque‚
438 1185 707 1231 maturosque
733 1190 875 1232 patres

236 1231 418 1269 Pertulit
447 1230 651 1269 Ausonias
681 1232 733 1270 acl
759 1233 913 1283 urbes,

131 1305 259 1344 Duris
288 1307 339 1344 ut‘
364 1306 447 1345 ilex
472 1315 591 1346 tonsa
627 1307 875 1361 bipennibus

63 1360 67 1371 '
129 1358 285 1410 Nigrae
310 1359 444 1399 feraci
470 1360 632 1399 frondis
661 1361 703 1399 in
730 1360 906 1414 Algido,

185 1414 271 1451 Per
299 1413 468 1464 damna,
497 1427 575 1466 per
603 1414 776 1463 caedes,
805 1413 855 1452 ab
887 1413 979 1466 ipso

238 1467 369 1505 Ducit
403 1480 505 1520 opes
536 1467 799 1521 animumque
828 1467 961 1506 ferro.

133 1539 226 1577 Non
253 1540 398 1591 Hydra
426 1551 542 1582 secto
572 1557 753 1596 corpore
779 1542 939 1582 firmior

132 1592 253 1634 Vinci
282 1594 495 1635 dolentem
527 1597 661 1642 crevit
687 1597 729 1635 in
756 1597 1009 1646 Herculem,

184 1648 472 1688 Monstrumve
506 1650 737 1690 submisere
768 1650 915 1690 Colchi

237 1701 389 1752 Maius,
417 1703 701 1743 Echioniaeve
729 1703 915 1744 Thebae.

131 1774 291 1814 Merses
318 1777 555 1828 profundo⁷
582 1780 801 1831 pulchrior
829 1779 988 1820 evenit:

133 1827 340 1878 Luctere.,
370 1831 499 1869 multa
528 1841 706 1884 proruet
732 1834 943 1887 integrum

189 1881 294 1920 Cum
321 1883 445 1923 laude
474 1885 701 1936 victorem,
731 1896 938 1940 geretque

237 1937 407 1976 Proelia
434 1938 682 1992 coniugibus
710 1940 932 1995 loquenda.

1408 894 1460 934 50

1408 1180 1461 1222 55

1409 1467 1461 1509 60

1406 1777 1459 1818 65

131 2125 178 2132 --
212 2119 243 2139 ν.
270 2106 329 2149 48.
367 2116 474 2141 tectos
509 2106 601 2142 Cod.
628 2110 737 2144 Brod.
763 2110 846 2146 Vid.
871 2112 955 2144 Fea.
993 2128 1039 2135 —
1082 2122 1111 2145 ν,
1138 2110 1198 2144 65.
1232 2108 1300 2141 Alii
1331 2105 1452 2142 Codd.

133 2164 264 2184 mel-sus
291 2157 352 2186 aut
375 2165 506 2197 merges
529 2162 589 2188 aut
613 2168 726 2199 met-ge
755 2156 801 2190 V.
829 2157 945 2192 Bentl.
973 2162 1008 2188 et
1032 2154 1151 2190 Vand.
1176 2173 1221 2180 --
1245 2155 1346 2202 *8-66-
1367 2166 1453 2199 pro·

134 2198 206 2230 ruit
231 2196 345 2230 Bentl.
373 2210 392 2231 e
419 2195 534 2233 Codd.
550 2207 590 2233 ut
614 2213 696 2233 mox
718 2203 877 2247 geritque
902 2208 937 2234 et
960 2201 1164 2247 perficiunt.
