1526 2404
679 140 821 169 nn.
1257 149 1265 158 =
1391 139 1418 181 7

94 235 273 278 ten-vallo
299 245 493 292 quartum
512 236 694 277 addere:
721 244 819 291 post
840 248 1055 276 sermones
1087 248 1191 276 vero
1213 233 1418 291 quosdam

94 305 230 346 lectos
265 305 419 346 nullam
455 306 519 346 sui
550 303 804 345 mentionem
835 304 1018 344 habitam
1050 304 1109 344 ita
1137 304 1191 344 sit
1222 304 1418 359 questus:

95 374 264 414 Irasci
291 388 368 415 me
396 373 495 414 tibi
525 372 687 422 scito,
724 371 870 428 quod
903 386 1010 412 non
1044 371 1095 412 in
1129 372 1420 428 plerisque

98 443 370 498 ejusmodi
395 442 618 497 scriptis
645 453 845 481 mecum
872 441 1207 497 potissimum
1237 441 1420 497 loquu-

97 511 184 552 ris.
210 513 286 552 An
313 510 549 560 vereris,
568 523 631 549 ne
657 509 792 564 apud
816 518 1069 564 posteros
1096 506 1295 548 infame
1321 507 1436 548 tibi*-

98 579 190 630 sit,
216 578 358 634 quod
387 578 627 619 videaris
653 577 941 620 familiaris
968 578 1124 632 nobis
1153 575 1308 617 esse?
1337 577 1421 617 Ex-

98 647 342 703 pressitque
368 647 580 702 eclogam,
606 647 723 699 cujus
750 649 911 688 initium
938 656 1024 688 est:

263 748 381 791 Quum
405 755 457 780 tot
479 748 652 779 sustineas
676 755 709 780 et
732 755 833 780 tanta
856 749 997 792 negotia
1020 747 1139 787 solus,

265 809 333 844 Bes
357 815 468 847 Italas
494 815 599 846 armis
626 816 770 854 tuteris,
795 814 951 848 mor-ibus
972 825 1074 846 ornes
1087 837 1098 852 ,

259 879 408 924 Legibus
433 877 607 911 emendes:
630 882 668 914 in
688 882 827 927 publica
852 882 1032 916 commoda
1056 894 1211 927 peccem,

260 947 302 980 Si
318 947 425 992 longo
449 956 603 988 sermone
625 962 741 983 morer·
765 959 828 984 tua
853 960 1006 996 tempora
1017 974 1029 990 ,
1054 951 1197 983 Caesar.

208 1036 367 1093 Habitu
393 1037 586 1092 corporis
609 1037 752 1078 brevis
778 1037 861 1079 fuit
881 1036 1007 1096 atque
1027 1038 1204 1088 obesus,
1233 1038 1365 1095 qualis
1382 1047 1425 1079 et

104 1118 128 1144 a
154 1105 379 1159 semetipso
414 1106 455 1145 in
484 1105 627 1144 Satiris
667 1106 943 1158 describitur,
972 1114 1016 1146 et
1043 1106 1095 1144 ab
1124 1106 1319 1159 Augusto
1347 1106 1425 1146 hac

105 1174 305 1228 epistola:
344 1174 587 1214 Pertulit
628 1173 692 1213 ad
733 1175 1144 1228 me-Dionysius
1178 1173 1425 1214 libellum

102 1250 270 1293 tuum,
313 1257 462 1298 quem
500 1256 622 1297 ego,
659 1257 722 1283 ne
770 1257 1020 1283 accusem
1066 1243 1426 1294 brevitatem,

106 1312 615 1366 quantuluscunque
641 1320 752 1362 est,
787 1310 915 1351 boni
951 1312 1191 1354 consulo.
1228 1313 1427 1356 Vereri

107 1386 284 1419 autem
320 1379 446 1419 mihi
482 1380 716 1430 videris,
752 1392 813 1418 ne
848 1379 1083 1432 majores
1123 1380 1309 1421 libelli
1346 1381 1427 1420 tui

107 1448 235 1499 sint,
264 1462 415 1503 quam
440 1448 555 1502 ipse
583 1463 649 1489 es.
676 1449 779 1489 Sed
807 1448 851 1488 si
876 1447 980 1488 tibi
1010 1457 1220 1489 statura
1249 1448 1427 1498 deest,

108 1516 492 1571 corpusculum
532 1530 634 1555 non
683 1517 846 1557 deest.
900 1518 1087 1571 ltaque
1137 1517 1332 1557 licebit
1377 1516 1427 1555 in

109 1585 414 1625 sextariolo
456 1586 687 1637 scribas,
729 1595 785 1626 ut
828 1586 1094 1626 circuitus
1135 1584 1427 1626 voluminis

61 1711 63 1713 ι
108 1642 189 1691 tui
214 1651 284 1691 sit
309 1650 643 1702 ὀγκωδὲστατος,
674 1655 819 1695 sicut
845 1664 926 1720 est
953 1653 1254 1696 ventriculi
1281 1653 1374 1693 tui.

214 1750 328 1791 Vixit
363 1751 588 1804 plurimum
624 1754 664 1792 in
714 1766 883 1792 secessu
924 1753 1033 1791 ruris
1070 1753 1133 1791 sui
1174 1752 1315 1791 Sabini
1357 1759 1430 1791 aut

111 1814 336 1867 Tiburtini,
375 1818 607 1874 domusque
635 1820 723 1859 eius
761 1820 995 1859 ostenditur
1028 1821 1139 1860 circa
1167 1819 1341 1859 Tiburni
1367 1820 1430 1859 lu-

113 1885 266 1924 culum.
292 1887 511 1928 Venerunt
536 1887 578 1926 in
602 1902 746 1927 manus
767 1901 886 1927 meas
915 1896 958 1927 et
985 1888 1095 1942 elegi
1123 1889 1199 1928 sub
1223 1890 1310 1929 eius
1331 1890 1430 1929 titu-

114 1952 179 2003 lo,
207 1961 250 1993 et
278 1955 454 2008 epistola
480 1969 606 2008 prosa
634 1957 847 2006 oratione,
884 1957 1001 2011 quasi
1031 1957 1355 1997 commendantis
1383 1971 1429 1996 se

114 2022 356 2062 Maecenati.
385 2022 472 2062 Sed
492 2030 670 2078 utraque
690 2024 796 2064 falsa
815 2032 932 2077 puto.
960 2025 1063 2062 Nam
1086 2024 1196 2078 elegi
1222 2025 1429 2079 vulgares,

117 2090 291 2142 epistola
319 2099 457 2130 autem
494 2090 691 2142 obscura3
732 2105 816 2145 quo
854 2091 955 2131 vitio
990 2092 1158 2132 minime
1192 2092 1428 2131 tenebatur.

116 2161 245 2200 Natus
273 2168 336 2200 est
355 2160 414 2202 VI
433 2159 529 2200 Idus
548 2159 833 2210 Decembres,
859 2160 906 2199 L.
928 2160 1051 2199 Cotta
1079 2169 1122 2199 et
1140 2162 1188 2199 L.
1211 2162 1428 2214 Torquato
