1526 2404
185 186 238 226 7⁰
316 220 321 222 ,
629 182 670 224 q.
696 181 880 213 nona-m
905 181 1063 212 rasum

185 276 231 325 Si
257 277 349 332 quis
376 277 526 320 lectica
551 275 724 318 nitidam
752 284 919 332 gestare
947 283 1066 317 amet·
1083 289 1253 331 agnam,

183 331 295 370 Huic
317 339 478 371 vestem
497 339 545 371 ut
595 339 727 382 natae,
747 330 869 384 paret
887 331 1076 380 ancillas,
1094 338 1217 384 paret
1236 341 1397 383 aurum,
1420 328 1500 376 215

183 383 341 423 Rufam
359 392 430 423 aut
446 385 563 424 Pusil
581 399 647 424 am
672 384 877 439 appellet,
906 383 1094 440 fortique
1113 383 1262 423 marito

183 437 379 477 Destinet
395 452 594 478 uxorem:
621 438 846 478 interdicto
865 438 963 478 huic
986 450 1110 477 omne
1133 436 1285 476 adimat
1304 435 1369 476 ius

183 492 387 540 Praetor,
415 500 459 531 et
484 491 537 531 ad
564 506 685 532 sanos
711 491 835 532 abeat
860 491 992 532 tutela
1016 490 1288 545 propinquos.

184 543 330 606 Quid?
364 544 398 584 si
426 545 498 600 qui
526 554 692 599 gnatam
719 558 800 599 pro
828 554 943 585 muta
969 545 1155 584 devovet
1181 557 1310 597 agna,

182 599 351 651 Integer
379 606 442 638 est
471 598 627 638 animi?
659 600 724 638 Ne
752 598 918 639 dixeris.
946 600 1064 652 Ergo
1092 596 1165 636 uhi
1186 609 1317 650 prava
1423 606 1502 635 220

183 651 392 701 Stultitia,
420 651 488 692 hie
517 667 675 692 summa
704 661 768 692 est
792 652 966 692 insania:
995 650 1068 706 qui
1093 650 1345 700 sceleratus,

183 705 240 744 Et
266 704 451 744 furiosus
481 705 586 757 erit3
617 719 744 760 quem
773 707 884 760 cepit
911 706 1045 746 vitrea
1071 703 1205 754 fama,

183 759 308 797 Hunc
335 758 840 813 circumtonuitxgaudens
866 759 1044 799 Bellona
1078 755 1274 797 cruentis.

181 812 302 850 Nunc
321 825 398 865 age
413 841 424 861 .‚
450 812 660 852 luxuriam
686 820 728 852 et
751 814 1055 852 Nomentanum
1077 810 1216 864 arripe
1242 821 1422 850 mecum.

183 864 337 904 Vincet
363 865 472 904 enim
499 866 650 906 stultos
677 866 784 905 ratio
812 866 990 908 insanire
1021 872 1211 918 nepotes.
1422 859 1501 901 225

182 918 264 957 Hic
292 918 414 957 simul
441 919 603 973 accepit
630 919 854 981 patrimoni
881 919 997 959 mille
1023 918 1202 970 talenta,

164 971 346 1022 .Edicit,
374 971 558 1024 piscator
584 981 666 1022 uti,
693 972 926 1026 pomarius,
957 976 1136 1025 auceps,

183 1024 494 1079 Unguentarius
523 1039 570 1065 ac
601 1026 729 1065 Tusci
756 1025 881 1065 turba
907 1025 1040 1079 impia*
1059 1024 1165 1075 vici,

184 1078 292 1116 Cum
320 1078 474 1117 scurris
502 1078 660 1129 fartor,
688 1092 783 1118 cum
808 1080 993 1121 Velabro
1023 1091 1147 1118 omne
1174 1077 1396 1118 Macellum

181 1132 303 1170 Mane
321 1130 492 1170 domum
504 1133 681 1171 veniant.
705 1132 819 1193 Quid
833 1132 951 1172 tum?
969 1134 1139 1174 Venere
1156 1131 1414 1186 frequentes.
1427 1128 1505 1170 230

181 1183 326 1223 Verba
345 1183 447 1223 facit
467 1184 584 1223 leno:
615 1185 833 1242 Quidquid
858 1185 980 1234 mihi,
1001 1184 1101 1239 quid
1162 1184 1205 1223 id
1225 1192 1269 1223 et
1289 1184 1442 1222 horum

182 1236 346 1292 Cuique
369 1236 484 1276 domi
511 1245 595 1289 est,
622 1237 670 1276 id
698 1237 826 1277 crede
853 1246 972 1276 tuum
1002 1245 1044 1276 et
1065 1249 1119 1277 ve
1153 1250 1264 1276 nunc
1288 1243 1412 1290 pete,
1435 1234 1505 1276 vel

558 1300 560 1303 '
971 1303 1075 1329 cras.

181 1343 368 1397 Accipe,
395 1342 497 1398 quid
525 1350 670 1382 contra
696 1342 857 1383 iuvenis
884 1342 1154 1397 responderit
1181 1356 1361 1398 aequus:

181 1397 227 1435 In
256 1397 349 1436 nive
379 1398 548 1435 Lucana
576 1395 731 1435 dormis
761 1405 978 1447 ocreatus,
1004 1404 1052 1435 ut
1079 1410 1227 1449 aprum

187 1451 374 1489 Coenem
399 1462 503 1502 ego3
531 1457 579 1487 tu
598 1449 733 1501 pisces
756 1450 933 1489 hiberno
958 1464 1009 1489 ex
1029 1463 1076 1489 ae
1111 1463 1216 1489 uore
1235 1449 1395 1500 verris3
1425 1448 1504 1491 235

185 1503 332 1557 Segnis
354 1516 456 1555 ego,
485 1501 677 1555 indignus
699 1503 771 1564 qui
790 1511 949 1542 tantum
969 1503 1092 1557 possi·
1116 1504 1225 1543 eam:
1254 1502 1397 1543 aufer!

184 1556 313 1595 Sume
340 1555 416 1595 tibi
447 1555 614 1606 decies3
645 1554 720 1594 tibi
750 1556 1016 1607 tantundem3
1045 1556 1123 1596 tibi
1149 1557 1327 1611 triplex,

183 1609 304 1649 Unde
336 1608 444 1647 u'xor
470 1608 606 1648 media
633 1609 764 1648 currit
794 1610 846 1650 de
874 1618 998 1650 nocte
1028 1619 1188 1650 vocata.

186 1663 317 1702 Filius
346 1661 504 1714 Aesopi
533 1661 761 1701 detractam
790 1677 841 1703 ex
870 1678 970 1703 aure
995 1663 1214 1714 Metellae,

184 1716 355 1755 Scilicet
381 1724 428 1754 ut
457 1715 596 1754 decies
625 1715 804 1755 solidum
832 1716 1104 1767 absorberet,
1136 1725 1257 1758 aceto
1426 1719 1504 1764 240

184 1770 319 1808 Diluit
346 1769 549 1821 insignem
578 1768 768 1821 baccam3
798 1774 870 1825 qui
898 1770 1059 1820 sanior,
1089 1783 1136 1809 ac
1164 1770 1199 1809 si

184 1822 294 1862 Illud
320 1822 431 1861 idem
460 1822 502 1860 in
529 1822 721 1875 rapidum
749 1821 906 1863 flumen
935 1823 1146 1863 iaceretve
1174 1819 1390 1863 cloacam?

185 1875 334 1969 ¹gui'nti
360 1875 586 1928 progenies
614 1877 737 1924 Arri,
769 1891 847 1930 par
873 1877 1014 1916 nobile
1041 1876 1242 1925 fratrum,
1317 1873 1322 1877 ’

226 1928 381 1985 equitia
410 1936 453 1968 et
479 1928 622 1982 nugis,
649 1943 878 1982 pravorum
905 1938 947 1970 et
972 1943 1115 1969 amore
1145 1927 1396 1983 gemellum,

181 2077 220 2100 v.
240 2068 317 2101 230.
345 2065 444 2109 Quid
465 2067 579 2100 enim?
601 2067 716 2101 Codd.
734 2069 900 2101 Torrenf.
953 2065 992 2099 ui
1007 2075 1084 2098 cum
1097 2064 1208 2096 Bentl.
1235 2062 1327 2096 conl.
1350 2062 1506 2106 itemque

184 2111 299 2144 Codd.
318 2112 452 2155 aliquot
472 2114 573 2146 Fcae.
592 2114 644 2145 Cs.
663 2114 775 2146 Bentl.
790 2078 1028 2145 Heindffahn.
1053 2127 1097 2134 -
1119 2121 1158 2142 ν.
1171 2109 1247 2142 235.
1276 2108 1382 2140 verris
1398 2113 1504 2139 tuen-

183 2162 239 2189 tur
261 2157 372 2189 Bentl.
395 2162 427 2189 et
453 2158 575 2189 Heind.
602 2158 672 2191 Sed
693 2158 816 2191 eadem
833 2157 947 2190 Codd.
965 2161 999 2189 et
1015 2154 1104 2187 Edd.
1126 2160 1208 2187 vett.
1224 2154 1433 2186 auctoritate
1453 2157 1505 2185 est

185 2201 295 2240 uellit,
321 2202 417 2245 quod
437 2202 595 2238 defendit
611 2205 692 2237 Fea.
722 2222 769 2230 —
794 2215 832 2236 v.
852 2203 928 2237 238.
955 2207 1080 2235 currat
1102 2201 1222 2246 plures
1242 2197 1333 2231 Edd.
1355 2203 1503 2231 veteres.

186 2247 243 2280 Cs.
270 2246 395 2281 Heind-
