1526 2404
0 2293 2 2302 >

0 2306 2 2316 l

518 173 756 205 ennom
781 173 869 203 un.
889 162 939 202 11.
959 162 1000 205 3.
1231 216 1236 218 Π
1367 177 1416 215 7¹

110 269 325 315 Luscini-s
347 269 462 313 soliti
484 269 675 324 impenso
700 268 912 324 prandere
935 269 1132 313 ooffmtas.
1341 270 1421 315 ²45

157 337 329 365 uersum
351 322 531 365 abeant?
558 323 646 362 sani
672 331 721 362 ut
746 331 885 375 creta,
913 337 965 362 an
991 320 1176 363 carbone
1192 319 1395 361 notandi?

151 375 346 418 edificare
370 390 485 418 casas
498 406 511 427 ,
538 375 735 430 plostello
762 375 993 430 adiungere
1018 387 1184 425 mures,

110 429 281 472 Ludere
304 444 383 484 par
406 430 563 484 impar,
675 429 779 470 'tare
805 429 848 468 in
876 427 1078 468 arundine
1105 428 1255 482 longa,

110 482 158 523 Si
183 497 310 539 quem
337 483 524 523 delectet
548 481 624 521 bar
656 490 791 532 atum,
812 482 997 522 ⁴amentia
1022 488 1177 521 verset.
1242 484 1245 485 ⁷

113 534 160 575 Si
185 536 386 591 puerilius
412 536 477 575 his
504 536 611 575 ratio
639 548 731 576 esse
760 535 926 575 evincet
953 548 1115 583 amare,
1342 533 1421 574 250

109 587 199 629 Nee
229 589 454 644 quidquam
478 587 676 639 differre,
703 595 898 628 utrumne
925 589 967 628 in
994 588 1198 641 pulvere,
1219 586 1368 627 trimus

154 642 250 682 uale
276 642 416 696 prius,
441 642 559 681 ludas
586 655 718 695 opus,
745 656 796 681 an
820 641 1053 682 meretricis
1081 653 1226 680 amore

171 695 324 735 llicitus
357 695 521 748 plores:
548 709 707 750 quaero
721 724 734 744 ,
761 694 944 735 faciasne
971 694 1089 750 quod
1115 693 1216 735 olim

110 749 293 789 Mutatus
318 748 495 789 Polemo
511 747 531 788 ?
556 762 686 802 ponas
713 748 887 802 insignia
916 747 1078 797 morbi,

110 800 348 851 Fasciolas,
372 800 549 850 cubital,
574 801 749 851 focalia,
775 809 902 854 potus
926 809 975 840 ut
1000 801 1075 841 ille
1343 799 1424 840 255

112 853 280 894 Dicitur
305 867 359 894 ex
383 855 495 894 collo
522 854 670 895 furtim
697 855 902 907 carpsisse
929 865 1131 904 coronas,

111 907 340 968 Postquam
367 915 432 947 est
457 907 654 961 impransi
680 915 901 960 correptus
929 920 1038 947 voce
1067 903 1286 958 magistri?

111 959 302 1013 Porngis
327 959 437 1000 irato
465 974 600 1014 puero
629 975 760 1014 quum
786 974 935 1014 poma,
959 965 1151 1000 recusat:

113 1011 265 1062 Sume,
291 1013 463 1052 catelle:
490 1021 617 1068 negat
626 1027 640 1065 3
669 1013 703 1052 si
729 1027 811 1052 non
839 1013 935 1062 des,
963 1020 1093 1066 optat.
1120 1011 1297 1050 Amator

112 1065 317 1105 Exclusus
337 1070 412 1122 qui
428 1066 574 1117 distat,
592 1067 678 1120 agit
692 1065 766 1105 ubi
786 1079 952 1117 secum,
970 1074 1060 1114 eat,
1085 1079 1137 1104 an
1156 1078 1264 1116 non,
1344 1062 1425 1105 260

113 1117 214 1180 Quo
236 1119 448 1159 rediturus
476 1128 567 1160 erat
590 1134 676 1159 non
702 1119 947 1168 arcessitus,
974 1126 1018 1159 et
1042 1118 1199 1158 haeret
1371 1131 1379 1135 “

111 1171 257 1211 Invisis
274 1170 470 1211 foribus?
497 1174 559 1212 Ne
581 1186 710 1222 nunc,
729 1187 859 1227 quum
878 1185 948 1212 me
966 1179 1093 1213 vocet
1110 1171 1249 1221 ultro,
1269 1168 1286 1179 '

110 1223 353 1264 Accedam?
379 1240 430 1264 an
456 1226 596 1279 potius
623 1225 803 1265 mediter
830 1225 949 1265 finire
978 1223 1179 1265 dolores?

111 1277 321 1328 Exclusit,
345 1287 540 1319 revocat:
567 1278 769 1319 redeam?
796 1280 912 1327 Non,
940 1279 976 1318 si
1003 1277 1213 1317 obsecret.
1241 1278 1356 1315 Ecce

112 1329 291 1381 Servus,
317 1345 402 1370 non
428 1333 555 1385 paulo
583 1332 831 1386 sapientior:
859 1332 899 1372 O
925 1332 1055 1381 here,
1086 1344 1195 1385 quae
1221 1344 1292 1370 res
1346 1329 1425 1371 265

110 1382 200 1422 Nec
218 1384 390 1423 modum
408 1385 537 1425 habet
556 1399 695 1440 neque
715 1385 954 1435 consilium,
981 1385 1144 1424 ratione
1164 1384 1379 1437 modoque

112 1435 303 1476 Tractari
321 1451 406 1477 non
428 1440 531 1478 vult.
559 1440 604 1478 ln
625 1452 769 1478 amore
786 1438 892 1478 haec
912 1446 1008 1478 sunt
1027 1438 1154 1477 mala:
1182 1437 1363 1487 bellum,

112 1488 204 1526 Pax
229 1503 408 1530 rursum.
436 1493 555 1532 Haec
582 1492 618 1531 si
644 1492 735 1546 quis
764 1491 1023 1544 tempestatis
1050 1504 1187 1544 prope
1215 1490 1300 1530 ritu

114 1540 306 1591 Mobilia,
333 1550 377 1582 et
403 1557 529 1584 caeca
554 1543 758 1584 fluitantia
782 1544 920 1593 forte,
949 1544 1116 1583 laboret

114 1592 313 1634 Reddere
340 1604 455 1635 certa
482 1597 580 1647 sibi,
607 1597 737 1637 nihilo
765 1597 859 1650 plus
889 1597 1092 1650 explicet,
1119 1610 1166 1637 ac
1192 1597 1227 1636 si
1346 1609 1424 1648 270

114 1645 295 1687 Insanire
321 1657 443 1700 paret
470 1658 585 1689 certa
610 1651 772 1689 ratione
806 1650 1031 1704 modoque.

159 1698 260 1738 uid?
288 1700 430 1755 Quum
455 1702 620 1742 Picenis
649 1715 876 1755 excerpens
906 1703 1061 1742 semina
1084 1703 1219 1756 pomis

157 1752 307 1804 audes,
332 1753 368 1792 si
393 1767 598 1796 cameram
621 1755 810 1808 percusti
834 1754 975 1808 forte,
998 1769 1129 1810 penes
1155 1763 1200 1798 te
1227 1755 1304 1796 es?

115 1914 160 1922 —
182 1908 220 1929 v.
239 1895 317 1939 246.
348 1896 434 1929 sam·
457 1903 498 1928 ut
516 1896 656 1940 plurimi
681 1895 794 1929 Codd.
812 1896 872 1929 alii
896 1897 979 1929 sani
998 1905 1112 1936 creta,
1135 1897 1218 1929 sani
1237 1907 1285 1927 an
1308 1903 1403 1928 creta
1409 1920 1422 1935 ,

116 1943 236 1975 eam'ne
255 1951 360 1975 creta.
386 1941 581 1982 Bentleius,
607 1953 755 1985 eumque
774 1947 911 1974 secutus
930 1942 1021 1983 Fea,
1052 1943 1109 1974 alii
1132 1943 1234 1973 sam'n
1252 1949 1358 1972 crem.
1380 1959 1423 1966 --

117 1987 234 2020 notati
250 1988 360 2020 Bentl.
388 1999 407 2020 e
431 1986 544 2018 Codd.
573 1986 626 2018 Cr.
649 1986 771 2018 Heind.
805 1991 849 2011 -ὲ
884 1998 922 2019 υ.
936 1986 1012 2029 254.
1045 1987 1182 2018 Polemo
1204 1986 1363 2018 Lambin.
1387 1992 1423 2018 et

117 2032 223 2076 Cruq.
238 2032 341 2076 Vulg.
356 2032 521 2065 Polemon
536 2030 589 2062 cf.
609 2031 731 2064 Heind.
747 2049 793 2056 —
814 2043 850 2064 v.
868 2032 945 2064 252.
969 2043 1012 2063 ne
1026 2043 1122 2063 nunc
1140 2032 1249 2063 Bentl.
1270 2042 1289 2063 e
1306 2030 1422 2062 Codd.

117 2086 183 2121 pro
206 2088 270 2109 nec
292 2090 406 2118 nunc,
426 2075 523 2121 quod
539 2081 620 2108 vett.
644 2075 734 2108 Edd.
759 2077 886 2109 serunt.
914 2076 968 2108 Cf.
986 2076 1109 2110 Heind.
1135 2082 1169 2109 et
1188 2076 1353 2118 Doering.
1377 2094 1422 2100 —

116 2131 154 2153 v.
171 2120 247 2154 eod.
265 2131 361 2156 vocet
379 2134 500 2156 omues
525 2120 639 2154 Codd.
660 2126 779 2154 tuetur
803 2120 926 2155 Heind.
957 2121 1027 2154 Sed
1048 2122 1157 2154 Bentl.
1179 2129 1299 2162 vocat,
1323 2120 1420 2165 quod

119 2174 239 2244 3²¹¹?
262 2167 336 2202 sere
352 2173 433 2214 post
458 2178 538 2201 eum
562 2165 652 2199 Edd.
677 2166 818 2201 hahent.
848 2184 895 2192 —
927 2177 964 2199 v.
985 2177 1064 2210 ²7²·
1092 2177 1270 2200 cumas-am
1296 2164 1418 2197 Heind.

164 2233 175 2243 .
224 2222 277 2245 ea.
