1526 2404
496 159 734 189 emmonim
764 160 852 196 mn,
879 146 939 198 11,
965 161 1008 199 7.
1361 146 1415 204 89

95 255 297 298 Mortales
318 254 473 298 animas
498 254 648 295 vivunt
669 253 839 304 sortita,
864 265 1005 308 neque
1030 251 1117 292 ulla
1145 260 1211 293 est

92 310 182 350 Aut
203 322 356 363 magno
379 316 451 348 aut
467 319 601 361 parvo
624 306 701 346 leti
723 306 848 360 fuga3
869 320 978 361 quo,
1002 305 1137 355 bone,
1165 307 1299 358 circa,
1362 306 1415 361 95

74 363 209 402 ¹Dum
233 362 356 411 licet,
382 360 426 400 in
452 360 580 400 rebus
608 359 799 398 iucundis
827 359 924 399 vive
950 358 1121 408 beatus3

93 415 205 459 Vive
230 427 417 463 memor,
488 427 570 451 iam
598 412 652 451 sis
684 412 777 452 aevi
802 412 958 452 brevis.
986 413 1104 450 Haec
1131 411 1206 452 ubi
1225 412 1336 452 dicta

93 467 319 522 Agrestem
346 428 578 520 pepiffere,
608 464 734 504 domo
762 465 868 510 levis
897 465 1058 515 exsilit3
1085 464 1183 504 inde

92 519 231 560 Ambo
259 519 526 574 propositum
529 525 765 609 ”peragunt
791 518 896 566 iter,
923 517 1039 556 urbis
1067 526 1239 560 aventes

92 572 259 613 Moenia
286 571 481 611 nocturni
508 585 527 609 s
587 583 754 623 repere.
783 571 954 624 Iamque
983 569 1154 609 tenebat
1343 585 1417 612 ioo

93 627 189 665 Nox
214 624 401 664 medium
430 623 543 663 coeli
570 623 748 676 spatium
764 652 776 673 ,
806 637 937 677 quum
963 622 1083 675 ponit
1110 631 1292 678 uterque

92 678 140 716 In
166 677 380 730 locuplete
409 676 536 715 domo
564 675 673 714 vesti
708 675 767 725 ’a,
795 675 927 714 rubro
956 673 1029 714 ubi
1058 689 1189 716 cocco

94 730 246 770 Tincta
274 742 404 782 super
428 729 565 767 lectos
593 689 794 770 canderet
817 728 948 767 vestis
977 727 1184 779 eburnos,

94 782 313 837 Multaque
342 781 398 822 de
424 794 575 835 magna
602 788 874 833 superessent
901 780 1064 820 fercula
1092 789 1246 833 coena,

96 834 221 888 Quae
237 834 390 888 procul
413 833 815 873 exstructisinerant
836 833 1037 873 hesterna
1059 834 1260 875 canistris.
1344 834 1420 875 105

94 888 214 942 Ergo
237 887 312 926 uhi
334 900 551 940 purpurea
575 894 822 938 porrectum
850 885 891 925 in
919 894 1038 925 veste
1061 886 1218 929 locavit

96 941 347 994 Agrestem,
374 939 507 978 veluti
531 939 765 978 succinctus
795 938 968 978 cursitat
995 938 1175 991 hospes,

98 993 407 1046 Continuatque
436 992 565 1044 dapes
574 1005 586 1041 3
616 1004 694 1030 nec
721 1005 804 1029 non
830 992 1049 1034 verniliter
1074 993 1173 1044 ipsis

95 1045 306 1099 Fungitur
326 1043 503 1093 officiis,
534 1042 828 1097 praelambens
854 1057 978 1083 omne
1007 1044 1123 1105 quod
1153 1045 1293 1087 affert.

95 1098 172 1137 Ille
200 1097 355 1137 cubans
383 1097 540 1150 gaudet
567 1104 724 1135 mutata
753 1104 892 1145 sorte,
923 1097 1043 1135 boms
1076 1110 1132 1135 ue
1347 1111 1422 1140 uo

96 1149 246 1190 Rebus
275 1150 361 1204 agit
386 1151 541 1188 laetum
573 1149 814 1197 convivam,
843 1163 972 1203 quum
1001 1163 1051 1188 su
1081 1149 1140 1189 ito
1168 1150 1316 1205 ingens

97 1203 329 1244 valvarum
357 1202 558 1255 strepitus
587 1201 706 1240 lectis
730 1202 913 1241 excussit
938 1210 1180 1263 utrumque.

99 1255 287 1295 Currere
314 1268 394 1308 per
421 1263 556 1294 totum
584 1253 726 1306 pavidi
754 1255 977 1303 conclave,
1006 1269 1224 1309 magisque
1270 1290 1276 1295 .

96 1307 320 1347 Exanimes
347 1307 584 1360 trepidare,
613 1306 735 1344 simul
765 1306 914 1346 domus
941 1308 1022 1346 alta
1048 1309 1241 1348 Molossis

96 1361 323 1399 Personuit
352 1360 534 1399 canibus.
565 1361 672 1397 Tum
693 1359 896 1409 rusticus,
924 1360 1050 1398 Haud
1066 1361 1166 1399 mihi
1189 1362 1271 1400 vita
1346 1362 1422 1403 115

97 1413 177 1451 Est
196 1426 302 1465 opus
324 1411 425 1461 hac,
453 1412 531 1461 ait,
561 1419 604 1450 et
628 1412 788 1460 valeas,
819 1426 887 1451 me
906 1413 1010 1452 silva
1031 1426 1244 1470 cavusque

100 1467 235 1504 Tutus
256 1464 307 1504 ab
328 1465 486 1506 insidiis
505 1464 624 1504 tenui
644 1463 849 1503 solabitur
873 1478 991 1506 ervo,
1019 1476 1024 1479 ’

620 1624 787 1664 SATmA
814 1626 905 1669 VII.

169 1731 293 1764 Servus
324 1729 457 1762 Horatii
492 1729 659 1763 libertate
688 1731 924 1764 Saturnalium
958 1739 1060 1766 utens
1090 1745 1209 1767 severa
1243 1734 1424 1775 oratione,

102 1787 192 1820 quae
213 1781 286 1807 tota
313 1781 362 1806 est
387 1773 430 1805 ad
455 1774 657 1806 Stoicorum
683 1777 854 1808 rationem
874 1779 1086 1821 composita,
1113 1779 1295 1811 dominum
1322 1780 1425 1811 casti-

103 1826 176 1863 gat;
199 1831 312 1862 neque
328 1829 410 1850 vero
428 1829 517 1860 quae
535 1818 622 1850 dicit
645 1831 710 1851 suo
738 1821 876 1863 ingenio
895 1823 1120 1865 excogitavit,
1146 1823 1209 1855 sed
1231 1834 1249 1854 a
1274 1823 1426 1867 Crispini

103 1865 281 1906 Aretalogi
304 1864 467 1902 ianitore,
494 1863 552 1905 qui
580 1875 621 1895 ex
649 1863 782 1895 domini
807 1866 858 1896 sui
884 1867 1104 1899 sermonibus
1121 1869 1338 1912 arripuerat,
1363 1879 1422 1899 ac-

104 1915 206 1953 cepta
228 1908 346 1940 tradit.
373 1907 534 1939 Ges-tiens
562 1907 666 1949 igitur
691 1920 779 1952 quae
802 1909 973 1942 didicerat
998 1911 1155 1954 effutire,
1188 1913 1248 1943 ubi
1272 1913 1425 1955 primum

102 1954 271 1997 loquendi
300 1952 437 1984 veniam
469 1952 691 1995 impetravit,
723 1955 988 1998 perversitatem
1020 1955 1203 1989 hominum
1234 1956 1428 1989 admodum

103 2107 151 2115 —
169 2101 206 2122 v.
228 2091 302 2123 108.
327 2090 522 2122 vernaliter
544 2091 695 2123 maxima
717 2103 799 2136 pars
824 2092 942 2125 Codd.
969 2098 1003 2126 et
1029 2096 1113 2127 olim
1135 2095 1308 2139 plurimae
1332 2093 1424 2125 Edd.

107 2133 178 2166 Sed
199 2135 282 2166 vid.
312 2134 427 2167 Bentl.
458 2141 493 2168 et
522 2135 651 2168 Heind.
676 2153 722 2162 —-
755 2150 792 2171 v.
812 2147 890 2183 ⁷¹09·
923 2139 1121 2183 praelibans
1146 2150 1245 2172 omne
1269 2139 1381 2171 Bentl.
1407 2149 1427 2171 o

108 2177 245 2211 duobus
268 2178 386 2212 Codd.
