1526 2404
460 192 465 196 .
492 174 732 206 sunnonux
758 176 845 205 mn.
873 166 904 206 1.
932 172 970 217 4.
1347 182 1399 226 ²9

70 268 118 309 In
135 269 441 311 Mamurrarum
467 269 564 310 lassi
589 269 744 312 deinde
763 270 872 313 urbe
894 286 1134 325 manemus,
1166 278 1170 281 ’

70 323 246 367 Murena
303 322 505 363 raebente
534 323 729 374 domum,
761 325 966 378 Capitone
995 328 1186 367 culinam.

71 374 253 415 Postera
294 390 351 416 ux
379 376 515 415 oritur
541 377 676 418 multo
705 379 960 431 gratissima,
985 393 1166 435 namque
1212 379 1214 382 ’

70 428 233 468 Plotius
261 436 305 469 et
330 429 483 471 Varius
513 428 735 469 Sinuessae
763 431 1051 488 Virgiliusque
1343 438 1398 481 40

72 480 339 532 Occurrunt,
368 482 550 532 animae,
579 482 724 536 quales
751 497 892 546 neque
920 486 1184 525 candidiores

72 535 206 574 Terra
231 535 354 584 tulit,
386 547 526 588 neque
553 535 671 590 queis
699 549 768 576 me
796 545 849 577 Slt
876 537 1114 578 devinctior
1142 538 1263 578 alter.

74 586 115 630 Ο
142 587 215 642 qui
243 588 488 640 complexus
513 595 556 626 et
577 587 728 642 gaudia
757 598 909 644 quanta
937 590 1133 630 fuerunt!

69 640 137 679 Nil
166 654 247 694 ego
278 640 530 680 contulerim
556 640 739 680 iucundo
768 656 891 683 sanus
917 645 1065 684 amico.
1311 688 1315 691 ,

71 694 273 732 Proxima
301 694 512 747 Campano
540 693 659 746 ponti
688 709 798 748 quae
826 696 992 747 villula,
1018 704 1179 737 tectum
1344 695 1399 744 45

70 746 296 794 Praebuit,
325 754 369 786 et
395 745 594 799 parochi,
683 761 732 787 ae
760 748 917 788 debent
940 750 1052 803 ligna
1078 750 1309 804 salemque.
1382 752 1393 760 ‘

69 799 180 838 Hinc
208 799 311 838 muli
336 799 505 852 Capuae
533 800 632 839 clite
650 800 709 839 las
736 808 932 855 tempore
959 810 1134 856 ponunt.

70 853 231 893 Lusum
258 851 292 891 it
317 853 561 901 Maecenas,
589 852 816 893 dormitum
850 868 932 908 ego
963 855 1277 909 Virgiliusque:

69 906 261 959 Namque
287 905 373 958 pila
399 905 524 965 lippis
550 905 763 944 inimicum
794 914 838 946 et
866 908 1017 947 ludere
1046 908 1200 947 crudis.

69 958 179 996 Hinc
207 970 284 999 nos
313 957 483 997 Cocceu
509 958 664 1010 recipit
688 959 926 1011 plenissima
954 961 1076 1011 villa,
1342 960 1397 1001 50

114 1024 195 1050 uae
222 1023 353 1071 super
381 1018 446 1049 est
475 1010 609 1049 Caudi
636 1024 858 1064 cauponas.
891 1015 1012 1053 Nunc
1042 1013 1144 1052 mihi
1171 1012 1316 1067 paucis

104 1071 280 1102 armentl
307 1076 480 1102 scurrae
506 1077 691 1116 pugnam
717 1066 932 1120 Messi-que
961 1066 1134 1116 Cicirri,

68 1117 212 1164 Musa,
239 1115 366 1156 velim
394 1129 626 1166 memores,
656 1125 699 1156 et
727 1132 812 1171 quo
840 1127 962 1172 patre
988 1127 1107 1158 natus
1137 1126 1320 1173 uterque

71 1168 306 1208 Contulerit
332 1168 440 1208 lites.
476 1170 605 1208 Messi
628 1170 787 1209 clarum
814 1185 947 1224 genus
979 1171 1106 1222 Osci3

71 1221 281 1261 Sarmenti
308 1220 476 1260 domina
503 1230 649 1261 exstat.
678 1222 745 1260 Ab
771 1223 835 1262 his
864 1224 1092 1264 maioribus
1122 1225 1206 1264 orti
1346 1224 1402 1264 55

44 1301 47 1303 -
70 1274 140 1313 Ad
163 1288 347 1328 pugnam
376 1287 545 1314 venere.
582 1275 709 1313 Prior
737 1275 1002 1316 Sarmentus:
1031 1278 1146 1332 Equi
1168 1286 1213 1317 te

71 1328 179 1366 Esse
207 1327 292 1366 feri
317 1326 495 1366 similem
524 1327 633 1366 dico.
661 1327 889 1380 Ridemus3
919 1338 963 1368 et
989 1330 1080 1382 ipse
1274 1361 1281 1364 .

72 1379 271 1429 Messius,
298 1379 502 1432 Accipi03
531 1390 658 1432 caput
684 1388 727 1419 et
758 1390 915 1421 movet.
946 1382 1010 1432 O,
1036 1391 1111 1421 tua
1139 1397 1274 1423 cornu

54 1433 126 1470 ,Ni
152 1432 269 1471 foret
295 1440 466 1471 exsecto
493 1431 636 1482 frons,
665 1434 819 1494 inquit,
848 1435 950 1488 quid
976 1435 1167 1487 faceres,
1197 1449 1327 1492 quum

76 1484 146 1523 Sic
172 1484 341 1522 mutilus
368 1484 601 1523 miniteris?
631 1486 689 1533 At
717 1487 777 1524 1lli
805 1487 936 1526 foeda
964 1488 1139 1527 cicatrix
1350 1485 1403 1527 60

76 1536 269 1575 Setosam
296 1537 408 1575 laevi
432 1536 620 1576 frontem
646 1546 894 1591 turpaverat
922 1540 1020 1578 oris.

78 1589 334 1641 Campanum
363 1589 404 1627 in
431 1589 648 1638 morbum,
675 1591 718 1628 in
746 1591 899 1630 faciem
927 1593 1139 1644 permulta
1164 1594 1350 1644 iocatus,

75 1642 298 1681 Pastorem
325 1640 497 1679 saltaret
523 1642 586 1679 uti
614 1643 821 1695 Cyclopa,
850 1644 1052 1696 rogabat3

76 1694 147 1733 Nil
172 1693 234 1732 illi
259 1693 377 1733 larva
405 1702 478 1733 aut
504 1693 675 1746 tragicis
706 1708 812 1748 opus
836 1709 928 1735 esse
958 1697 1189 1738 cothurnis.

80 1848 244 1883 bacillum
267 1851 325 1883 vel
350 1850 505 1883 catillum
528 1850 619 1883 Edd.
644 1852 821 1896 quaedam
845 1861 1008 1898 veteres3
1037 1856 1215 1901 prauique
1242 1853 1405 1886 bacillum

80 1901 227 1928 auctore
261 1895 472 1927 Baruffaldo
509 1895 642 1939 Opusc.
676 1899 799 1930 scient.
826 1905 861 1931 et
885 1900 1012 1944 philol.
1045 1903 1148 1933 Tom.
1172 1910 1228 1941 29.
1263 1910 1299 1942 p.
1329 1897 1404 1940 141.

79 1939 311 1972 scribendum
346 1946 469 1972 censet
501 1938 610 1971 Both.
646 1952 751 1983 quem
777 1943 826 1977 V.
860 1945 895 1976 in
926 1946 1109 1977 Annotatt.
1147 1945 1234 1977 coll.
1269 1944 1343 1974 Fea
1369 1948 1405 1975 et

79 1984 269 2016 Heind.-<
284 1996 314 2015 v.
330 1986 384 2027 37.
410 1984 502 2016 Dein
526 1994 593 2027 pro
618 1984 740 2016 deimle
761 1987 860 2019 dedit
880 1989 981 2021 Both.
1000 1990 1046 2021 ad
1074 1991 1252 2022 insuavem
1277 1998 1406 2019 sonum

79 2028 270 2060 vitandum.
294 2047 340 2054 —
363 2040 394 2060 v.
411 2030 468 2062 5o.-
493 2028 628 2060 Cocceii
650 2041 730 2062 cum
755 2030 879 2064 Iahnio
905 2035 1120 2077 scripsimus,
1145 2045 1250 2077 quem
1271 2030 1313 2063 V.
1338 2042 1405 2075 pro

80 2073 174 2115 vulg.
201 2073 332 2105 Coccei.
368 2093 411 2099 —
446 2085 477 2104 v.
503 2074 557 2106 51.
584 2073 714 2106 Claudi
739 2077 858 2118 plures
884 2077 1000 2110 Codd.
1027 2079 1080 2111 Cf.
1107 2078 1232 2110 Heind.
1260 2083 1294 2109 et
1319 2078 1403 2108 Fea.

79 2133 126 2142 -
147 2127 179 2148 v.
205 2116 261 2159 54.
283 2117 504 2150 Contulerint
526 2117 627 2150 Both.
659 2129 678 2150 e
710 2118 808 2155 Coll.
834 2121 913 2154 Sax.
937 2128 974 2154 et
998 2123 1062 2154 Ed.
1079 2123 1272 2155 Mediolau.
1306 2120 1402 2163 1477.

80 2177 128 2185 —
148 2162 181 2192 ir.
202 2162 260 2195 60.
282 2162 453 2194 tm'niten‘s
478 2162 592 2194 Bentl.
616 2174 635 2195 e
661 2164 820 2207 plurimis
847 2165 962 2198 Codd.
989 2172 1026 2199 et
1051 2167 1300 2211 antiquissimis
1313 2164 1404 2197 Edd.

82 2206 281 2248 revocavit;
304 2207 392 2239 olim
414 2207 544 2249 vulgo:
572 2208 755 2240 minitan's.
780 2207 835 2241 Cf.
860 2209 986 2243 Heind-
