1526 2404
167 180 221 226 92
612 181 654 223 q.
682 180 868 208 nonam-11
895 171 1053 211 Fundi

690 273 968 315 Horatius.

167 343 261 382 Non
293 341 408 382 dices
435 339 592 394 hodie¹
619 353 823 396 quorsum
849 332 963 379 haec'
979 344 1068 378 tam
1091 337 1240 394 putida
1265 334 1463 387 tendant,

168 395 403 436 Furcifer?

744 446 941 486 Davus.

436 508 508 550 Ad
535 516 581 550 te
607 509 789 565 inquam.

689 580 733 618 H
745 592 769 619 o
781 594 804 620 r
815 578 887 619 ati
895 592 924 617 u
935 588 968 619 s.

824 642 921 701 Quo
949 647 1076 696 pacto
1102 636 1318 695 pessime?

733 709 929 753 Davus.

1331 755 1498 796 Laudas

169 814 403 855 Fortunam
431 823 475 856 et
499 830 641 856 mores
671 817 866 870 antiquae
893 813 1054 868 plebis,
1083 820 1127 854 et
1152 811 1288 862 idem,

169 868 216 907 Si
245 869 336 924 quis
366 868 418 908 ad
447 870 518 908 illa
546 871 664 909 Deus
695 870 833 909 subito
863 877 906 908 te
935 875 1057 921 agat,
1086 878 1221 919 usque
1245 874 1439 912 recuses,

167 922 257 961 Aut
287 923 382 976 quia
410 937 494 962 non
523 924 673 973 sentis,
702 923 819 978 quod
848 921 1022 970 clamas,
1050 918 1207 958 rectius
1238 930 1354 967 esse,
1448 913 1501 954 25

169 974 259 1014 Aut
285 975 381 1037 quia
409 990 493 1015 non
520 975 664 1015 firmus
692 985 856 1015 rectum
886 973 1104 1022 defendis,
1134 979 1178 1011 et
1203 970 1380 1021 haeres,
1444 995 1448 997 >

169 1028 466 1082 Nequidquam
490 1042 625 1069 coeno
654 1029 826 1082 cupiens
858 1027 1048 1067 evellere
1078 1025 1275 1078 plantam.

167 1080 333 1120 Romae
361 1095 433 1120 rus
459 1091 607 1135 optas,
638 1082 854 1121 absentem
881 1080 1062 1119 rusticus
1095 1076 1254 1117 Urbem

169 1133 301 1172 'I'ollis
330 1133 381 1171 ad
410 1143 519 1173 astra
547 1135 665 1175 levis.
695 1135 739 1173 Si
767 1147 973 1188 nusquam
1002 1145 1046 1170 es
1075 1130 1192 1170 forte
1219 1135 1395 1169 vocatus

166 1184 238 1223 Ad
256 1199 453 1236 coenam,
475 1187 618 1226 laudas
639 1201 838 1226 securum
858 1186 950 1224 olus
963 1214 973 1234 ,
997 1197 1065 1233 ac,
1086 1183 1204 1222 velut
1223 1193 1401 1236 usquam
1447 1178 1502 1219 30

167 1238 343 1279 Vinctus
369 1252 459 1289 eas,
490 1239 546 1278 ita
575 1248 618 1279 te
647 1239 818 1278 felicem
847 1238 972 1287 dicis,
1001 1248 1222 1288 amasque,

170 1290 300 1382 quod
320 1306 523 1346 nusquam
547 1292 623 1331 tibi
644 1292 697 1331 sit
721 1290 966 1344 potandum.
995 1288 1170 1329 Iusserit
1191 1286 1243 1325 ad
1269 1299 1316 1325 se

167 1346 194 1383 ll
214 1357 388 1383 aecenas
415 1358 557 1383 serum
586 1345 662 1383 sub
693 1345 848 1383 lumina
877 1343 1012 1396 prima
1043 1341 1187 1381 venire

170 1397 423 1436 Convivam:
452 1398 626 1436 Nemon'
656 1397 797 1436 oleum
827 1396 915 1435 fert
944 1393 1091 1434 ocius?
1121 1392 1265 1447 ecquis

167 1448 329 1489 Audit?
361 1462 456 1488 cum
482 1463 634 1503 magno
661 1449 845 1489 blateras
875 1449 1059 1488 clamore
1090 1446 1300 1500 furisque.
1446 1443 1501 1485 35

167 1502 349 1542 Mulvius
380 1510 423 1541 et
451 1515 621 1542 scurrae
650 1502 728 1541 tibi
754 1517 838 1542 non
866 1500 1096 1541 referenda
1119 1498 1283 1552 precati

167 1555 415 1594 Discedunt.
442 1556 612 1594 Etenim
640 1555 782 1595 fateor
809 1569 899 1603 me,
930 1554 1082 1593 dixerit
1109 1553 1204 1601 ille,

169 1608 283 1647 Duci
311 1616 460 1647 ventre
489 1608 651 1659 levem3
680 1623 826 1647 nasum
854 1607 1004 1647 nidore
1035 1606 1235 1658 supinor,

167 1660 430 1709 Imbecillus,
457 1660 593 1712 iners3
625 1662 658 1700 si
687 1662 788 1716 quid
821 1661 904 1710 vis,
935 1659 1066 1709 adde,
1094 1657 1275 1711 popinot

169 1716 257 1762 Tu,
284 1727 414 1767 quum
446 1713 500 1752 sis
530 1714 646 1768 quod
667 1729 771 1768 ego,
804 1723 846 1754 et
867 1712 1058 1752 fortassis
1077 1711 1280 1765 nequior,
1298 1707 1412 1748 ultro
1445 1712 1499 1756 [ιο

166 1767 381 1805 Insectere
403 1766 519 1805 velut
543 1767 714 1816 melior,
747 1767 970 1821 verbisque
993 1764 1160 1803 decoris

169 1819 386 1860 obvolvas
417 1819 592 1858 vitium?
623 1820 758 1881 Quid,
787 1821 821 1860 si
848 1833 916 1858 me
946 1818 1116 1857 stultior
1143 1817 1237 1870 ipso

168 1871 418 1963 quingentis
449 1881 561 1912 emto
592 1873 800 1912 drachmis
832 1868 1139 1925 deprenderis?
1174 1866 1313 1907 Aufer

166 1927 190 1965 L
213 1939 235 1964 e
264 1925 383 1964 vultu
407 1932 596 1976 terrere3
625 1941 792 1965 manum
819 1923 1169 1976 stomachumque
1199 1927 1370 1969 teneto,

166 1979 306 2028 Dum,
335 1991 442 2032 quae
473 1979 653 2033 Crispini
682 1979 826 2020 docuit
854 1991 922 2018 me
951 1976 1124 2026 ianitor,
1153 1973 1248 2015 edO.
1444 1970 1497 2019 45

166 2146 212 2156 ——
235 2141 266 2161 v.
287 2127 455 2173 34.fit·et
478 2129 597 2173 plures
622 2126 738 2162 Codd.
761 2131 795 2160 et
812 2125 903 2159 Edd.
923 2128 1007 2159 vett.
1029 2122 1084 2158 Cf.
1109 2122 1221 2156 Bentl.
1241 2138 1289 2147 —·
1306 2132 1338 2153 v.
1356 2121 1412 2154 35
1425 2119 1497 2173 fif·

166 2175 292 2220 gisque
315 2175 457 2218 plurimi
484 2175 599 2206 (Iodd.
623 2174 728 2217 idque
753 2177 873 2205 tuetur
902 2183 980 2203 cum
1007 2172 1082 2202 Fea
1108 2167 1208 2200 Both.
1230 2178 1336 2210 quem
1353 2165 1436 2199 Md.
1460 2176 1496 2198 in

168 2219 351 2253 Annotatt.
374 2234 420 2244 -—
443 2230 474 2251 v.
493 2218 550 2263 45.
578 2218 767 2264 Chrysippi
782 2227 847 2261 pro
868 2215 1022 2261 Crispini
1042 2212 1131 2247 Cod.
1151 2214 1179 2246 F
1183 2223 1258 2245 eae.
