1526 2404
480 174 715 203 cAmuuux
741 176 829 203 mn.
855 163 904 203 ΙΙ.
930 164 970 204 8.
1122 171 1127 175 ’
1333 166 1386 216 57

60 267 153 309 Sed·
175 282 244 310 me
269 282 350 324 per
375 268 522 310 hostes
552 270 786 310 hierem-ius
814 269 931 311 celer

59 323 204 363 Denso
229 330 454 377 paventem
481 323 647 362 sustulit
675 326 796 374 aifre3

112 377 176 416 Te
202 389 348 416 rursus
375 376 418 415 in
445 375 604 416 bellum
627 370 855 416 re⁸sorbens
1339 376 1387 416 15

166 429 286 469 Unda
309 427 431 468 fretis
459 429 555 468 tulit
583 429 799 469 aestuosis.
829 428 842 439 ‘

44 496 178 557 vErgo
207 502 433 559 obligatam
460 504 594 544 redde
621 505 712 545 Iovi
739 504 915 559 dapem,

58 556 294 612 Longaque
320 558 481 598 fessum
510 558 654 598 militia
680 558 788 597 latus

116 611 298 663 Depone
324 611 402 651 suh
430 612 552 650 lauru
577 625 693 660 mea,
718 624 800 651 nec

162 665 299 703 Parce
326 664 440 706 cadis
466 665 542 704 tibi
569 664 795 705 destinatis.
1335 674 1388 702 20

61 729 284 772 Oblifioso
311 732 447 772 laevia
472 732 649 772 Massico

11 807 14 810 ⁴
61 783 233 824 Ciboria
260 786 405 839 exple,
432 785 565 825 funde
595 783 815 838 capacibus

114 838 337 890 Unguenta
364 838 418 878 de
449 838 629 878 conchis.
666 837 772 899 Quis
798 836 885 877 udo

167 891 470 944 Deproperare
498 892 593 946 apio
622 904 799 931 coronas

947 827 981 837 κ

64 966 248 1006 Curatve
274 966 443 1019 myrto?
470 981 597 1022 quem
622 968 769 1009 Venus
800 964 1005 1007 arbitrum
1335 965 1390 1005 25

61 1020 190 1058 Dicet
212 1018 414 1059 bibendi?
446 1022 540 1059 Non
566 1034 648 1075 ego
677 1019 813 1059 sanius

113 1071 360 1126 Bacchahor
386 1073 566 1113 Edonis:
596 1081 772 1126 recepto
1349 1083 1369 1090 ··

167 1125 305 1165 Dulce
330 1125 434 1165 mihi
459 1125 607 1166 furere
635 1134 701 1166 est
727 1126 874 1166 amico.

590 1245 914 1288 Cinnnvfll.

431 1331 539 1370 AD
590 1330 1012 1371 BARINEN.

337 1414 391 1449 De
413 1416 557 1449 levitate
581 1416 655 1449 eius
680 1422 717 1449 et
739 1423 922 1451 venustate
946 1418 1104 1452 victrice.

515 1503 671 1537 Metram
696 1505 919 1551 Sapphicum.

63 1581 159 1620 Ulla
184 1581 220 1621 si
249 1581 350 1621 iuris
378 1581 455 1620 tibi
478 1583 656 1635 peierati

62 1635 231 1685 Poena,
258 1635 435 1686 Barine,
462 1638 675 1677 nocuisset
699 1652 905 1692 unquam5

63 1687 204 1727 Dente
234 1687 269 1727 si
294 1688 415 1740 nigro
444 1687 569 1729 fieres
598 1691 668 1730 vel
694 1704 778 1730 uno

327 1742 512 1795 'l'urpior
538 1744 692 1797 ungui:

67 1812 310 1853 Crederem.
352 1814 438 1854 Sed
466 1823 534 1866 tu,
567 1819 690 1859 simul
718 1821 911 1876 obligasti
1365 1821 1393 1860 5

66 1864 283 1905 Perfidum
313 1869 421 1907 votis
450 1879 596 1921 caput,
625 1874 816 1915 enitescis

65 1918 290 1959 Pulchrior
314 1923 469 1982 multo,
502 1923 786 1983 iuvenumque
814 1927 960 1983 prodis

51 1978 55 1982 '
328 1975 502 2014 Pubhca
528 1990 641 2018 cura.

134 2116 240 2157 vul,
262 2130 298 2151 v.
317 2130 350 2152 2.
375 2119 493 2152 Codd.
508 2119 679 2155 hocloco
694 2124 780 2155 etin
800 2126 1033 2170 inscriptione
1053 2125 1182 2158 Bar-ine
1192 2148 1204 2165 ‚
1228 2125 1391 2163 Bam-ine,

75 2162 212 2202 Variae,
232 2164 376 2196 Varina.
392 2165 541 2199 Withof.
567 2169 662 2200 coni.
686 2168 820 2202 lber-ine
834 2182 855 2203 e
868 2171 1027 2204 luvenal.
1046 2170 1121 2213 Vl,
1136 2171 1191 2204 53.
1212 2169 1255 2202 V.
1270 2169 1390 2202 Benu.

69 2205 256 2241 Vanderh.
281 2208 391 2242 Both.
409 2211 598 2246 Annotatt.
