1526 2404
94 173 147 213 58
544 187 583 227 Q.
613 185 796 212 uonna
824 185 984 212 nnec}

92 279 277 332 Expedit
305 278 448 318 matris
477 278 639 319 cineres
668 287 842 334 opertos

93 333 284 382 Fallere,
315 341 357 372 et
387 340 479 371 toto
510 333 715 372 taciturna
743 333 877 373 noctis

92 386 219 441 Signa
248 399 342 426 cum
371 386 514 436 coelo,
545 386 769 442 gelidaque
798 387 920 427 divos

356 441 493 478 Morte
522 449 725 481 carentes.

89 515 219 554 Ridet
244 515 352 564 hoc,
380 516 570 571 inquam⁷
597 517 742 558 Venus
770 515 881 568 ipsa,
907 514 1047 556 rident

90 568 310 621 Simplices
339 570 578 623 Nymphae,
607 569 725 609 ferus
756 577 799 609 et
829 569 996 624 Cupido

90 621 269 675 Semper
295 623 489 663 ardentes
524 637 675 663 acuens
705 623 876 678 sagittas

356 678 464 717 Cote
492 685 677 717 cruenta.

88 751 235 800 Adde,
265 750 383 806 quod
408 749 543 803 pube's
570 751 647 791 tibi
675 753 828 792 crescit
857 753 1015 804 omnis,

89 804 278 844 Servitus
309 804 461 845 crescit
487 817 618 855 nova3
646 819 724 846 nec
752 806 918 860 priores

87 858 243 912 Impiae
269 866 429 898 tectum
459 857 651 898 dominae
678 861 921 916 relinquunt

355 912 493 964 Saepe
518 911 670 951 minati.
844 931 847 934 ·

87 986 150 1023 Te
179 984 262 1023 suis
291 994 444 1026 matres
474 996 666 1026 metuunt
694 987 905 1038 iuvencis,

87 1039 150 1076 'l‘e
179 1051 300 1077 senes
327 1041 466 1091 parci,
494 1041 757 1096 miseraeque
786 1056 922 1096 nuper

85 1090 282 1144 Virgines
313 1102 489 1146 nuptae,
518 1102 589 1132 tua
618 1107 670 1133 ne
698 1096 889 1135 retardet

350 1147 467 1185 Aura
492 1147 676 1187 maritos.

608 1328 797 1373 CARMEN
830 1330 900 1369 lx.

454 1413 560 1452 AD
617 1415 1047 1457 VALGIUM.

1373 349 1422 382 ,ιο

1374 624 1420 663 15

1367 924 1419 951 20

85 1500 254 1532 Hortatur
277 1510 382 1540 eum,
408 1504 447 1530 ut
471 1500 605 1543 Mystae
630 1502 731 1546 pueri
757 1509 910 1537 mortem
936 1503 1129 1548 aliquando
1154 1503 1240 1537 flere
1263 1502 1413 1536 desinat.

559 1591 713 1625 Metrmn
738 1594 927 1627 Alcaicnm.

82 1669 177 1706 Non
204 1679 372 1719 semper
398 1665 554 1706 imbres
582 1667 761 1707 nubibus
790 1668 977 1723 hispidos

82 1722 248 1759 Manant
274 1719 316 1758 in
344 1733 490 1773 agros,
520 1729 590 1759 aut
619 1735 733 1760 mare
763 1723 959 1778 Caspium

134 1775 299 1815 Vexant
325 1772 563 1827 inaequales
592 1775 808 1827 procellae

184 1827 350 1881 Usque3
380 1840 460 1865 nec
482 1827 688 1867 Armeniis
708 1828 750 1867 in
771 1831 877 1879 oris,

81 1902 228 1941 Amice
256 1902 403 1956 Valgi,
432 1912 513 1943 stat
543 1905 697 1959 glacies
724 1906 835 1946 iners

81 1957 248 1994 Menses
277 1969 356 2008 per
384 1971 550 2008 omnes,
581 1966 651 1998 aut
679 1959 958 2014 Aquilonibus

133 2010 349 2070 Querceta
376 2011 558 2050 Gai-«rani
585 2011 798 2064 laborant,

185 2063 243 2102 Et
269 2062 382 2103 foliis
410 2040 634 2105 viffuantm·
666 2067 771 2106 orni.

123 2224 174 2257 IX
186 2249 195 2266 ‚
213 2237 242 2259 ν.
258 2226 289 2259 3.
317 2234 458 2258 versant
472 2226 585 2270 inaeq.
610 2226 709 2259 Unus
725 2225 814 2259 Cod.
831 2228 944 2269 Feae,
955 2239 1060 2272 quem
1073 2228 1115 2260 V.
1134 2243 1180 2252 -—
1206 2236 1236 2259 ν.
1251 2235 1306 2259 2².
1329 2236 1404 2259 ver·
