<?xml version="1.0" encoding="UTF-8"?>
<!DOCTYPE html PUBLIC "-//W3C//DTD XHTML 1.0 Transitional//EN"
    "http://www.w3.org/TR/xhtml1/DTD/xhtml1-transitional.dtd">
<html xmlns="http://www.w3.org/1999/xhtml" xml:lang="en" lang="en">
 <head>
  <title>
</title>
<meta http-equiv="Content-Type" content="text/html;charset=utf-8" />
  <meta name='ocr-system' content='tesseract 3.04.00' />
  <meta name='ocr-capabilities' content='ocr_page ocr_carea ocr_par ocr_line ocrx_word'/>
</head>
<body>
  <div class='ocr_page' id='page_1' title='image "./operaomnia01horauoft_0141.png"; bbox 0 0 1526 2404; ppageno 0'>
   <div class='ocr_carea' id='block_1_1' title="bbox 425 148 1380 201">
    <p class='ocr_par' dir='ltr' id='par_1_1' title="bbox 425 148 1380 201">
     <span class='ocr_line' id='line_1_1' title="bbox 425 148 1380 201; baseline -0.006 -5"><span class='ocrx_word' id='word_1_1' title='bbox 425 165 654 196; x_wconf 69' lang='lat' dir='ltr'><strong>mmmm</strong></span> <span class='ocrx_word' id='word_1_2' title='bbox 684 164 770 190; x_wconf 77' lang='lat' dir='ltr'><strong>un.</strong></span> <span class='ocrx_word' id='word_1_3' title='bbox 796 150 880 201; x_wconf 82' lang='lat' dir='ltr'><strong>IV,</strong></span> <span class='ocrx_word' id='word_1_4' title='bbox 912 161 974 189; x_wconf 73' lang='grc' dir='ltr'><strong>η.</strong></span> <span class='ocrx_word' id='word_1_5' title='bbox 1305 148 1380 190; x_wconf 73' lang='grc' dir='ltr'><strong>ι35</strong></span> 
     </span>
    </p>
   </div>
   <div class='ocr_carea' id='block_1_2' title="bbox 62 257 1380 476">
    <p class='ocr_par' dir='ltr' id='par_1_2' title="bbox 62 257 1380 427">
     <span class='ocr_line' id='line_1_2' title="bbox 65 257 1380 306; baseline -0.008 0"><span class='ocrx_word' id='word_1_6' title='bbox 65 267 218 306; x_wconf 84' lang='lat' dir='ltr'><strong>Terret</strong></span> <span class='ocrx_word' id='word_1_7' title='bbox 248 263 461 304; x_wconf 75' lang='lat' dir='ltr'><strong>ambustus</strong></span> <span class='ocrx_word' id='word_1_8' title='bbox 486 261 708 303; x_wconf 57' lang='lat' dir='ltr'><strong>Phaethon</strong></span> <span class='ocrx_word' id='word_1_9' title='bbox 728 272 873 299; x_wconf 78' lang='lat' dir='ltr'><strong>avaras</strong></span> <span class='ocrx_word' id='word_1_10' title='bbox 1328 257 1380 297; x_wconf 72' lang='lat'><strong>25</strong></span> 
     </span>
     <span class='ocr_line' id='line_1_3' title="bbox 63 310 1005 373; baseline -0.01 -14"><span class='ocrx_word' id='word_1_11' title='bbox 63 319 192 373; x_wconf 85' lang='lat' dir='ltr'>Spes,</span> <span class='ocrx_word' id='word_1_12' title='bbox 220 325 265 359; x_wconf 81' lang='lat' dir='ltr'><strong>et</strong></span> <span class='ocrx_word' id='word_1_13' title='bbox 290 316 527 370; x_wconf 85' lang='lat' dir='ltr'><strong>exemplum</strong></span> <span class='ocrx_word' id='word_1_14' title='bbox 554 327 684 368; x_wconf 82' lang='lat' dir='ltr'><strong>grave</strong></span> <span class='ocrx_word' id='word_1_15' title='bbox 711 310 892 368; x_wconf 83' lang='lat' dir='ltr'><strong>praebet</strong></span> <span class='ocrx_word' id='word_1_16' title='bbox 918 310 1005 351; x_wconf 81' lang='lat' dir='ltr'><strong>ales</strong></span> 
     </span>
     <span class='ocr_line' id='line_1_4' title="bbox 62 367 973 427; baseline -0.01 -14"><span class='ocrx_word' id='word_1_17' title='bbox 62 374 272 427; x_wconf 80' lang='lat' dir='ltr'><strong>Pegasus,</strong></span> <span class='ocrx_word' id='word_1_18' title='bbox 298 379 514 411; x_wconf 78' lang='lat' dir='ltr'><strong>terrenum</strong></span> <span class='ocrx_word' id='word_1_19' title='bbox 539 367 723 422; x_wconf 87' lang='lat' dir='ltr'><strong>equitem</strong></span> <span class='ocrx_word' id='word_1_20' title='bbox 750 371 947 421; x_wconf 79' lang='lat' dir='ltr'><strong>gravatus</strong></span> <span class='ocrx_word' id='word_1_21' title='bbox 968 393 973 395; x_wconf 89' lang='lat'>-</span> 
     </span>
    </p>

    <p class='ocr_par' dir='ltr' id='par_1_3' title="bbox 321 421 717 476">
     <span class='ocr_line' id='line_1_5' title="bbox 321 421 717 476; baseline -0.01 -13"><span class='ocrx_word' id='word_1_22' title='bbox 321 421 698 476; x_wconf 82' lang='lat' dir='ltr'><strong>Bellerophontem</strong></span> <span class='ocrx_word' id='word_1_23' title='bbox 706 434 717 460; x_wconf 70' lang='grc' dir='ltr'>ς</span> 
     </span>
    </p>
   </div>
   <div class='ocr_carea' id='block_1_3' title="bbox 64 493 1383 648">
    <p class='ocr_par' dir='ltr' id='par_1_4' title="bbox 64 493 1383 648">
     <span class='ocr_line' id='line_1_6' title="bbox 65 493 998 560; baseline -0.01 -19"><span class='ocrx_word' id='word_1_24' title='bbox 65 500 240 554; x_wconf 82' lang='lat' dir='ltr'><strong>Semper</strong></span> <span class='ocrx_word' id='word_1_25' title='bbox 266 506 314 538; x_wconf 89' lang='lat' dir='ltr'><strong>ut</strong></span> <span class='ocrx_word' id='word_1_26' title='bbox 339 504 385 536; x_wconf 88' lang='lat' dir='ltr'><strong>te</strong></span> <span class='ocrx_word' id='word_1_27' title='bbox 413 495 536 548; x_wconf 85' lang='lat' dir='ltr'><strong>digna</strong></span> <span class='ocrx_word' id='word_1_28' title='bbox 563 507 763 560; x_wconf 64' lang='lat' dir='ltr'><strong>sequare,</strong></span> <span class='ocrx_word' id='word_1_29' title='bbox 791 501 857 543; x_wconf 86' lang='lat' dir='ltr'><strong>et,</strong></span> <span class='ocrx_word' id='word_1_30' title='bbox 884 493 998 532; x_wconf 79' lang='lat' dir='ltr'><strong>ultra</strong></span> 
     </span>
     <span class='ocr_line' id='line_1_7' title="bbox 64 545 1383 648; baseline -0.006 -56"><span class='ocrx_word' id='word_1_31' title='bbox 64 553 202 648; x_wconf 62' lang='lat' dir='ltr'><strong>gnam</strong></span> <span class='ocrx_word' id='word_1_32' title='bbox 228 552 327 592; x_wconf 86' lang='lat' dir='ltr'><strong>licet</strong></span> <span class='ocrx_word' id='word_1_33' title='bbox 353 562 525 602; x_wconf 82' lang='lat' dir='ltr'><strong>sperare</strong></span> <span class='ocrx_word' id='word_1_34' title='bbox 551 549 671 588; x_wconf 71' lang='lat' dir='ltr'><strong>nestas</strong></span> <span class='ocrx_word' id='word_1_35' title='bbox 695 546 905 602; x_wconf 84' lang='lat' dir='ltr'><strong>putando,</strong></span> <span class='ocrx_word' id='word_1_36' title='bbox 1329 545 1383 586; x_wconf 77' lang='lat'><strong>30</strong></span> 
     </span>
    </p>
   </div>
   <div class='ocr_carea' id='block_1_4' title="bbox 106 602 908 706">
    <p class='ocr_par' dir='ltr' id='par_1_5' title="bbox 106 602 908 706">
     <span class='ocr_line' id='line_1_8' title="bbox 106 602 908 660; baseline -0.01 -12"><span class='ocrx_word' id='word_1_37' title='bbox 106 619 283 660; x_wconf 77' lang='lat' dir='ltr'><strong>lsparem</strong></span> <span class='ocrx_word' id='word_1_38' title='bbox 312 603 431 643; x_wconf 83' lang='lat' dir='ltr'><strong>vites.</strong></span> <span class='ocrx_word' id='word_1_39' title='bbox 463 603 556 656; x_wconf 83' lang='lat' dir='ltr'><strong>Age</strong></span> <span class='ocrx_word' id='word_1_40' title='bbox 582 602 686 652; x_wconf 89' lang='lat' dir='ltr'><strong>iam,</strong></span> <span class='ocrx_word' id='word_1_41' title='bbox 713 613 908 640; x_wconf 88' lang='lat' dir='ltr'><strong>meorum</strong></span> 
     </span>
     <span class='ocr_line' id='line_1_9' title="bbox 323 655 750 706; baseline -0.007 -10"><span class='ocrx_word' id='word_1_42' title='bbox 323 655 436 696; x_wconf 85' lang='lat' dir='ltr'>Finis</span> <span class='ocrx_word' id='word_1_43' title='bbox 465 669 675 706; x_wconf 81' lang='lat' dir='ltr'><strong>amorum,</strong></span> <span class='ocrx_word' id='word_1_44' title='bbox 697 678 750 685; x_wconf 97' lang='lat'>—</span> 
     </span>
    </p>
   </div>
   <div class='ocr_carea' id='block_1_5' title="bbox 67 730 1385 931">
    <p class='ocr_par' dir='ltr' id='par_1_6' title="bbox 69 730 771 786">
     <span class='ocr_line' id='line_1_10' title="bbox 69 730 771 786; baseline -0.007 -13"><span class='ocrx_word' id='word_1_45' title='bbox 69 735 162 773; x_wconf 86' lang='lat' dir='ltr'><strong>Non</strong></span> <span class='ocrx_word' id='word_1_46' title='bbox 188 733 295 772; x_wconf 88' lang='lat' dir='ltr'><strong>enim</strong></span> <span class='ocrx_word' id='word_1_47' title='bbox 319 730 495 786; x_wconf 84' lang='lat' dir='ltr'><strong>posthac</strong></span> <span class='ocrx_word' id='word_1_48' title='bbox 521 730 599 769; x_wconf 87' lang='lat' dir='ltr'><strong>alia</strong></span> <span class='ocrx_word' id='word_1_49' title='bbox 625 730 771 770; x_wconf 82' lang='lat' dir='ltr'>calebo</span> 
     </span>
    </p>

    <p class='ocr_par' dir='ltr' id='par_1_7' title="bbox 67 783 956 834">
     <span class='ocr_line' id='line_1_11' title="bbox 67 783 956 834; baseline -0.004 -8"><span class='ocrx_word' id='word_1_50' title='bbox 67 787 256 834; x_wconf 77' lang='lat' dir='ltr'><strong>Femina,</strong></span> <span class='ocrx_word' id='word_1_51' title='bbox 283 810 337 816; x_wconf 93' lang='lat'><strong>—</strong></span> <span class='ocrx_word' id='word_1_52' title='bbox 365 783 559 831; x_wconf 82' lang='lat' dir='ltr'><strong>condisce</strong></span> <span class='ocrx_word' id='word_1_53' title='bbox 586 784 757 832; x_wconf 89' lang='lat' dir='ltr'><strong>modos,</strong></span> <span class='ocrx_word' id='word_1_54' title='bbox 785 783 956 822; x_wconf 78' lang='lat' dir='ltr'><strong>amanda</strong></span> 
     </span>
    </p>

    <p class='ocr_par' dir='ltr' id='par_1_8' title="bbox 67 833 1385 931">
     <span class='ocr_line' id='line_1_12' title="bbox 67 833 1385 895; baseline -0.005 -14"><span class='ocrx_word' id='word_1_55' title='bbox 67 841 186 883; x_wconf 87' lang='lat' dir='ltr'><strong>Voce</strong></span> <span class='ocrx_word' id='word_1_56' title='bbox 214 853 318 895; x_wconf 83' lang='lat' dir='ltr'><strong>quos</strong></span> <span class='ocrx_word' id='word_1_57' title='bbox 347 837 520 877; x_wconf 84' lang='lat' dir='ltr'><strong>reddas:</strong></span> <span class='ocrx_word' id='word_1_58' title='bbox 547 836 785 876; x_wconf 86' lang='lat' dir='ltr'><strong>minuentur</strong></span> <span class='ocrx_word' id='word_1_59' title='bbox 816 844 932 877; x_wconf 82' lang='lat' dir='ltr'><strong>atrae</strong></span> <span class='ocrx_word' id='word_1_60' title='bbox 1330 833 1385 875; x_wconf 77' lang='lat'><strong>35</strong></span> 
     </span>
     <span class='ocr_line' id='line_1_13' title="bbox 326 891 685 931; baseline -0.006 0"><span class='ocrx_word' id='word_1_61' title='bbox 326 891 518 931; x_wconf 82' lang='lat' dir='ltr'><strong>Carmine</strong></span> <span class='ocrx_word' id='word_1_62' title='bbox 545 903 685 930; x_wconf 87' lang='lat' dir='ltr'><strong>curae.</strong></span> 
     </span>
    </p>
   </div>
   <div class='ocr_carea' id='block_1_6' title="bbox 478 1031 968 1164">
    <p class='ocr_par' dir='ltr' id='par_1_9' title="bbox 478 1031 968 1164">
     <span class='ocr_line' id='line_1_14' title="bbox 573 1031 870 1073; baseline -0.01 0"><span class='ocrx_word' id='word_1_63' title='bbox 573 1032 758 1073; x_wconf 59' lang='lat' dir='ltr'><strong>Csmum</strong></span> <span class='ocrx_word' id='word_1_64' title='bbox 782 1031 870 1070; x_wconf 70' lang='lat' dir='ltr'><strong>xm</strong></span> 
     </span>
     <span class='ocr_line' id='line_1_15' title="bbox 478 1117 968 1164; baseline -0.006 -6"><span class='ocrx_word' id='word_1_65' title='bbox 478 1119 564 1158; x_wconf 87' lang='lat' dir='ltr'><strong>AD</strong></span> <span class='ocrx_word' id='word_1_66' title='bbox 592 1117 968 1164; x_wconf 73' lang='lat' dir='ltr'>VIRGILIUM.</span> 
     </span>
    </p>
   </div>
   <div class='ocr_carea' id='block_1_7' title="bbox 71 1206 1383 1255">
    <p class='ocr_par' dir='ltr' id='par_1_10' title="bbox 71 1206 1383 1255">
     <span class='ocr_line' id='line_1_16' title="bbox 71 1206 1383 1255; baseline -0.006 -10"><span class='ocrx_word' id='word_1_67' title='bbox 71 1210 177 1245; x_wconf 83' lang='lat' dir='ltr'><strong>Veris</strong></span> <span class='ocrx_word' id='word_1_68' title='bbox 200 1210 350 1245; x_wconf 77' lang='lat' dir='ltr'><strong>adventu</strong></span> <span class='ocrx_word' id='word_1_69' title='bbox 366 1211 555 1255; x_wconf 78' lang='lat' dir='ltr'>Virgilium</span> <span class='ocrx_word' id='word_1_70' title='bbox 569 1222 671 1244; x_wconf 84' lang='lat' dir='ltr'><strong>suum</strong></span> <span class='ocrx_word' id='word_1_71' title='bbox 685 1209 730 1242; x_wconf 86' lang='lat' dir='ltr'><strong>ad</strong></span> <span class='ocrx_word' id='word_1_72' title='bbox 748 1208 898 1241; x_wconf 82' lang='lat' dir='ltr'><strong>hilarem</strong></span> <span class='ocrx_word' id='word_1_73' title='bbox 918 1206 1227 1251; x_wconf 78' lang='lat' dir='ltr'><strong>compotationem</strong></span> <span class='ocrx_word' id='word_1_74' title='bbox 1249 1206 1383 1241; x_wconf 78' lang='lat' dir='ltr'><strong>invitat.</strong></span> 
     </span>
    </p>
   </div>
   <div class='ocr_carea' id='block_1_8' title="bbox 595 1299 855 1334">
    <p class='ocr_par' dir='ltr' id='par_1_11' title="bbox 595 1299 855 1334">
     <span class='ocr_line' id='line_1_17' title="bbox 595 1299 855 1334; baseline -0.012 0"><span class='ocrx_word' id='word_1_75' title='bbox 595 1302 750 1334; x_wconf 62' lang='lat' dir='ltr'><strong>flletrum</strong></span> <span class='ocrx_word' id='word_1_76' title='bbox 773 1299 799 1334; x_wconf 87' lang='lat'><strong>1.</strong></span> <span class='ocrx_word' id='word_1_77' title='bbox 820 1300 855 1332; x_wconf 89' lang='grc'><strong>6.</strong></span> 
     </span>
    </p>
   </div>
   <div class='ocr_carea' id='block_1_9' title="bbox 69 1377 1387 1718">
    <p class='ocr_par' dir='ltr' id='par_1_12' title="bbox 69 1377 1387 1718">
     <span class='ocr_line' id='line_1_18' title="bbox 69 1377 1086 1434; baseline -0.005 -16"><span class='ocrx_word' id='word_1_78' title='bbox 69 1380 153 1417; x_wconf 84' lang='lat' dir='ltr'><strong>lam</strong></span> <span class='ocrx_word' id='word_1_79' title='bbox 177 1377 299 1419; x_wconf 79' lang='lat' dir='ltr'><strong>Veris</strong></span> <span class='ocrx_word' id='word_1_80' title='bbox 326 1380 523 1427; x_wconf 88' lang='lat' dir='ltr'><strong>comites,</strong></span> <span class='ocrx_word' id='word_1_81' title='bbox 550 1394 658 1434; x_wconf 84' lang='lat' dir='ltr'><strong>quae</strong></span> <span class='ocrx_word' id='word_1_82' title='bbox 684 1393 799 1419; x_wconf 87' lang='lat' dir='ltr'><strong>mare</strong></span> <span class='ocrx_word' id='word_1_83' title='bbox 826 1382 1086 1430; x_wconf 83' lang='lat' dir='ltr'><strong>temperant,</strong></span> 
     </span>
     <span class='ocr_line' id='line_1_19' title="bbox 70 1430 883 1483; baseline 0 -13"><span class='ocrx_word' id='word_1_84' title='bbox 70 1430 290 1483; x_wconf 83' lang='lat' dir='ltr'><strong>Impellunt</strong></span> <span class='ocrx_word' id='word_1_85' title='bbox 314 1433 471 1472; x_wconf 88' lang='lat' dir='ltr'><strong>animae</strong></span> <span class='ocrx_word' id='word_1_86' title='bbox 497 1433 624 1473; x_wconf 88' lang='lat' dir='ltr'><strong>lintea</strong></span> <span class='ocrx_word' id='word_1_87' title='bbox 659 1432 883 1473; x_wconf 81' lang='lat' dir='ltr'><strong>Thraciae:</strong></span> 
     </span>
     <span class='ocr_line' id='line_1_20' title="bbox 70 1481 1122 1540; baseline 0.001 -19"><span class='ocrx_word' id='word_1_88' title='bbox 70 1484 155 1522; x_wconf 87' lang='lat' dir='ltr'><strong>Iam</strong></span> <span class='ocrx_word' id='word_1_89' title='bbox 180 1496 258 1522; x_wconf 87' lang='lat' dir='ltr'><strong>nec</strong></span> <span class='ocrx_word' id='word_1_90' title='bbox 281 1494 398 1536; x_wconf 81' lang='lat' dir='ltr'><strong>prata</strong></span> <span class='ocrx_word' id='word_1_91' title='bbox 424 1486 586 1540; x_wconf 81' lang='lat' dir='ltr'><strong>rigent,</strong></span> <span class='ocrx_word' id='word_1_92' title='bbox 613 1500 692 1527; x_wconf 87' lang='lat' dir='ltr'><strong>nec</strong></span> <span class='ocrx_word' id='word_1_93' title='bbox 720 1485 838 1525; x_wconf 82' lang='lat' dir='ltr'><strong>fluvii</strong></span> <span class='ocrx_word' id='word_1_94' title='bbox 874 1490 1069 1536; x_wconf 83' lang='lat' dir='ltr'><strong>strepunt</strong></span> <span class='ocrx_word' id='word_1_95' title='bbox 1116 1481 1122 1486; x_wconf 75' lang='grc'><em>’</em></span> 
     </span>
     <span class='ocr_line' id='line_1_21' title="bbox 329 1539 835 1594; baseline 0 -16"><span class='ocrx_word' id='word_1_96' title='bbox 329 1539 516 1579; x_wconf 85' lang='lat' dir='ltr'><strong>Hiberna</strong></span> <span class='ocrx_word' id='word_1_97' title='bbox 541 1540 637 1580; x_wconf 86' lang='lat' dir='ltr'><strong>nive</strong></span> <span class='ocrx_word' id='word_1_98' title='bbox 663 1539 835 1594; x_wconf 81' lang='lat' dir='ltr'><strong>turgidi.</strong></span> 
     </span>
     <span class='ocr_line' id='line_1_22' title="bbox 71 1609 1387 1666; baseline -0.001 -16"><span class='ocrx_word' id='word_1_99' title='bbox 71 1611 223 1652; x_wconf 89' lang='lat' dir='ltr'><strong>Nidum</strong></span> <span class='ocrx_word' id='word_1_100' title='bbox 248 1613 386 1666; x_wconf 86' lang='lat' dir='ltr'><strong>ponit,</strong></span> <span class='ocrx_word' id='word_1_101' title='bbox 416 1614 504 1664; x_wconf 85' lang='lat' dir='ltr'><strong>Ityn</strong></span> <span class='ocrx_word' id='word_1_102' title='bbox 530 1610 726 1652; x_wconf 82' lang='lat' dir='ltr'><strong>flebiliter</strong></span> <span class='ocrx_word' id='word_1_103' title='bbox 753 1626 948 1666; x_wconf 79' lang='lat' dir='ltr'><strong>gemens,</strong></span> <span class='ocrx_word' id='word_1_104' title='bbox 1359 1609 1387 1649; x_wconf 86' lang='lat'><em>5</em></span> 
     </span>
     <span class='ocr_line' id='line_1_23' title="bbox 72 1665 1359 1718; baseline 0.001 -15"><span class='ocrx_word' id='word_1_105' title='bbox 72 1665 221 1705; x_wconf 82' lang='lat' dir='ltr'><strong>Infelix</strong></span> <span class='ocrx_word' id='word_1_106' title='bbox 249 1666 355 1715; x_wconf 76' lang='lat' dir='ltr'><strong>avis,</strong></span> <span class='ocrx_word' id='word_1_107' title='bbox 383 1674 425 1704; x_wconf 87' lang='lat' dir='ltr'><strong>et</strong></span> <span class='ocrx_word' id='word_1_108' title='bbox 453 1666 681 1718; x_wconf 83' lang='lat' dir='ltr'><strong>Cecropiae</strong></span> <span class='ocrx_word' id='word_1_109' title='bbox 709 1665 858 1704; x_wconf 90' lang='lat' dir='ltr'><strong>domus</strong></span> <span class='ocrx_word' id='word_1_110' title='bbox 1356 1696 1359 1697; x_wconf 16' lang='grc' dir='ltr'><em>γ</em></span> 
     </span>
    </p>
   </div>
   <div class='ocr_carea' id='block_1_10' title="bbox 73 1715 1120 1824">
    <p class='ocr_par' dir='ltr' id='par_1_13' title="bbox 73 1715 1120 1824">
     <span class='ocr_line' id='line_1_24' title="bbox 73 1715 1120 1772; baseline -0.002 -14"><span class='ocrx_word' id='word_1_111' title='bbox 73 1718 304 1758; x_wconf 79' lang='lat' dir='ltr'><strong>Aeternum</strong></span> <span class='ocrx_word' id='word_1_112' title='bbox 331 1718 625 1771; x_wconf 80' lang='lat' dir='ltr'><strong>opprobrium,</strong></span> <span class='ocrx_word' id='word_1_113' title='bbox 653 1718 767 1772; x_wconf 87' lang='lat' dir='ltr'><strong>quod</strong></span> <span class='ocrx_word' id='word_1_114' title='bbox 794 1718 902 1757; x_wconf 85' lang='lat' dir='ltr'><strong>male</strong></span> <span class='ocrx_word' id='word_1_115' title='bbox 923 1715 1120 1756; x_wconf 83' lang='lat' dir='ltr'><strong>barbaras</strong></span> 
     </span>
     <span class='ocr_line' id='line_1_25' title="bbox 333 1770 936 1824; baseline -0.002 -14"><span class='ocrx_word' id='word_1_116' title='bbox 333 1773 498 1824; x_wconf 83' lang='lat' dir='ltr'><strong>Regum</strong></span> <span class='ocrx_word' id='word_1_117' title='bbox 526 1779 589 1810; x_wconf 89' lang='lat' dir='ltr'><strong>est</strong></span> <span class='ocrx_word' id='word_1_118' title='bbox 614 1771 702 1810; x_wconf 86' lang='lat' dir='ltr'><strong>ulta</strong></span> <span class='ocrx_word' id='word_1_119' title='bbox 730 1770 936 1810; x_wconf 86' lang='lat' dir='ltr'><strong>libidines.</strong></span> 
     </span>
    </p>
   </div>
   <div class='ocr_carea' id='block_1_11' title="bbox 73 1845 1386 1950">
    <p class='ocr_par' dir='ltr' id='par_1_14' title="bbox 73 1845 1386 1950">
     <span class='ocr_line' id='line_1_26' title="bbox 73 1845 928 1900; baseline 0.004 -17"><span class='ocrx_word' id='word_1_120' title='bbox 73 1845 230 1885; x_wconf 84' lang='lat' dir='ltr'><strong>Dicunt</strong></span> <span class='ocrx_word' id='word_1_121' title='bbox 255 1845 296 1885; x_wconf 91' lang='lat' dir='ltr'><strong>in</strong></span> <span class='ocrx_word' id='word_1_122' title='bbox 323 1855 471 1886; x_wconf 86' lang='lat' dir='ltr'><strong>tenero</strong></span> <span class='ocrx_word' id='word_1_123' title='bbox 501 1846 685 1898; x_wconf 84' lang='lat' dir='ltr'><strong>gramine</strong></span> <span class='ocrx_word' id='word_1_124' title='bbox 712 1845 928 1900; x_wconf 83' lang='lat' dir='ltr'><strong>pinguium</strong></span> 
     </span>
     <span class='ocr_line' id='line_1_27' title="bbox 76 1896 1386 1950; baseline 0 -13"><span class='ocrx_word' id='word_1_125' title='bbox 76 1897 449 1944; x_wconf 61' lang='lat' dir='ltr'><strong>Custodesovium</strong></span> <span class='ocrx_word' id='word_1_126' title='bbox 478 1898 656 1938; x_wconf 82' lang='lat' dir='ltr'><strong>carmina</strong></span> <span class='ocrx_word' id='word_1_127' title='bbox 679 1896 839 1950; x_wconf 85' lang='lat' dir='ltr'><strong>fistula,</strong></span> <span class='ocrx_word' id='word_1_128' title='bbox 1339 1910 1386 1937; x_wconf 75' lang='lat' dir='ltr'><strong>io</strong></span> 
     </span>
    </p>
   </div>
   <div class='ocr_carea' id='block_1_12' title="bbox 96 1998 331 2009">
    <p class='ocr_par' dir='ltr' id='par_1_15' title="bbox 96 1998 331 2009">
     <span class='ocr_line' id='line_1_28' title="bbox 96 1998 331 2009; baseline 0 0"><span class='ocrx_word' id='word_1_129' title='bbox 96 1998 331 2009; x_wconf 95' lang='lat' dir='ltr'><strong> </strong></span> 
     </span>
    </p>
   </div>
   <div class='ocr_carea' id='block_1_13' title="bbox 75 2052 1282 2093">
    <p class='ocr_par' dir='ltr' id='par_1_16' title="bbox 75 2052 1282 2093">
     <span class='ocr_line' id='line_1_29' title="bbox 75 2052 1282 2093; baseline -0.002 -2"><span class='ocrx_word' id='word_1_130' title='bbox 75 2075 123 2083; x_wconf 95' lang='lat'>—</span> <span class='ocrx_word' id='word_1_131' title='bbox 142 2071 179 2091; x_wconf 90' lang='lat' dir='ltr'><strong>v.</strong></span> <span class='ocrx_word' id='word_1_132' title='bbox 202 2060 256 2093; x_wconf 84' lang='lat'><strong>35.</strong></span> <span class='ocrx_word' id='word_1_133' title='bbox 279 2060 487 2092; x_wconf 71' lang='lat' dir='ltr'><strong>minzuantur</strong></span> <span class='ocrx_word' id='word_1_134' title='bbox 509 2057 624 2090; x_wconf 89' lang='lat' dir='ltr'><strong>Codd.</strong></span> <span class='ocrx_word' id='word_1_135' title='bbox 645 2056 765 2090; x_wconf 78' lang='lat' dir='ltr'><strong>Bentl.</strong></span> <span class='ocrx_word' id='word_1_136' title='bbox 789 2057 861 2090; x_wconf 85' lang='lat' dir='ltr'><strong>alii.</strong></span> <span class='ocrx_word' id='word_1_137' title='bbox 887 2057 944 2093; x_wconf 84' lang='lat' dir='ltr'><strong>cf.</strong></span> <span class='ocrx_word' id='word_1_138' title='bbox 966 2057 1077 2091; x_wconf 86' lang='lat' dir='ltr'><strong>Both.</strong></span> <span class='ocrx_word' id='word_1_139' title='bbox 1101 2052 1282 2090; x_wconf 69' lang='lat' dir='ltr'><strong>Annotaft.</strong></span> 
     </span>
    </p>
   </div>
   <div class='ocr_carea' id='block_1_14' title="bbox 79 2118 1385 2245">
    <p class='ocr_par' dir='ltr' id='par_1_17' title="bbox 79 2118 1385 2245">
     <span class='ocr_line' id='line_1_30' title="bbox 120 2118 1384 2163; baseline -0.002 -12"><span class='ocrx_word' id='word_1_140' title='bbox 120 2120 200 2151; x_wconf 87' lang='lat' dir='ltr'><strong>XII.</strong></span> <span class='ocrx_word' id='word_1_141' title='bbox 234 2118 351 2154; x_wconf 85' lang='lat' dir='ltr'><strong>Codd.</strong></span> <span class='ocrx_word' id='word_1_142' title='bbox 373 2120 533 2163; x_wconf 84' lang='lat' dir='ltr'><strong>aliquot:</strong></span> <span class='ocrx_word' id='word_1_143' title='bbox 565 2118 620 2151; x_wconf 85' lang='lat' dir='ltr'><strong>Ad</strong></span> <span class='ocrx_word' id='word_1_144' title='bbox 650 2119 828 2162; x_wconf 77' lang='lat' dir='ltr'><strong>Virgilium</strong></span> <span class='ocrx_word' id='word_1_145' title='bbox 853 2122 1123 2163; x_wconf 77' lang='lat' dir='ltr'><strong>negotiator-em,</strong></span> <span class='ocrx_word' id='word_1_146' title='bbox 1145 2120 1199 2150; x_wconf 83' lang='lat' dir='ltr'><strong>vel</strong></span> <span class='ocrx_word' id='word_1_147' title='bbox 1226 2129 1384 2161; x_wconf 70' lang='lat' dir='ltr'><strong>unguen-</strong></span> 
     </span>
     <span class='ocr_line' id='line_1_31' title="bbox 80 2163 1385 2199; baseline -0.001 -2"><span class='ocrx_word' id='word_1_148' title='bbox 80 2165 218 2198; x_wconf 71' lang='lat' dir='ltr'><strong>tur-ima.</strong></span> <span class='ocrx_word' id='word_1_149' title='bbox 243 2166 296 2197; x_wconf 78' lang='lat' dir='ltr'><strong>Cf.</strong></span> <span class='ocrx_word' id='word_1_150' title='bbox 322 2165 428 2197; x_wconf 80' lang='lat' dir='ltr'><strong>Both.</strong></span> <span class='ocrx_word' id='word_1_151' title='bbox 452 2165 634 2197; x_wconf 80' lang='lat' dir='ltr'><strong>Annotatt.</strong></span> <span class='ocrx_word' id='word_1_152' title='bbox 657 2181 702 2190; x_wconf 92' lang='lat'><em>-</em></span> <span class='ocrx_word' id='word_1_153' title='bbox 735 2175 773 2197; x_wconf 86' lang='lat' dir='ltr'><strong>v.</strong></span> <span class='ocrx_word' id='word_1_154' title='bbox 801 2175 853 2199; x_wconf 89' lang='grc' dir='ltr'><strong>ιι.</strong></span> <span class='ocrx_word' id='word_1_155' title='bbox 877 2165 968 2198; x_wconf 69' lang='lat' dir='ltr'><strong>Cod⁴</strong></span> <span class='ocrx_word' id='word_1_156' title='bbox 990 2163 1104 2198; x_wconf 87' lang='lat' dir='ltr'><strong>Brod.</strong></span> <span class='ocrx_word' id='word_1_157' title='bbox 1131 2163 1227 2196; x_wconf 88' lang='lat' dir='ltr'><strong>Coll.</strong></span> <span class='ocrx_word' id='word_1_158' title='bbox 1252 2163 1385 2196; x_wconf 80' lang='lat' dir='ltr'><strong>Saxon.</strong></span> 
     </span>
     <span class='ocr_line' id='line_1_32' title="bbox 79 2208 494 2245; baseline 0.007 -3"><span class='ocrx_word' id='word_1_159' title='bbox 79 2209 139 2242; x_wconf 83' lang='lat' dir='ltr'><strong>alii</strong></span> <span class='ocrx_word' id='word_1_160' title='bbox 159 2211 359 2245; x_wconf 74' lang='lat' dir='ltr'><strong>Delectanae</strong></span> <span class='ocrx_word' id='word_1_161' title='bbox 381 2208 494 2245; x_wconf 76' lang='lat' dir='ltr'><strong>deum.</strong></span> 
     </span>
    </p>
   </div>
  </div>
 </body>
</html>
