1526 2404
186 132 239 172 50
628 145 668 185 Q·
697 145 882 171 nonu-n
911 145 1067 173 rLAccl

185 241 348 295 Insigne
376 243 548 283 moestis
574 242 831 297 praesidium
858 243 958 294 reis,

184 295 241 334 Et
269 295 520 346 consulenti,
547 297 710 347 Pollio,
739 296 904 346 curiae,

237 348 316 387 Cui
342 350 483 389 laurus
512 358 708 390 aeternos
736 349 921 390 honores

287 402 521 444 Dalmatico
549 404 720 458 peperit
745 403 973 458 triumpho.

183 479 267 518 Iam
297 492 406 519 nunc
434 478 583 518 minaci
608 492 824 519 murmure
853 491 1058 518 cornuum

181 533 435 586 Perstringis
464 546 608 583 aures3
637 533 719 572 iam
749 531 840 571 litui
869 540 1084 586 strepunt3

234 586 319 625 Iam
347 586 494 640 fulgor
522 600 736 626 armorum
760 586 936 640 fugaces

287 642 442 680 Terret
471 653 604 695 equos
631 640 905 695 equitumque
934 638 1091 679 vultus.

180 713 342 754 Audire
371 728 545 768 magnos
573 714 655 754 iam
682 715 832 756 videor
864 714 993 755 duces

179 770 272 807 Non
300 768 503 808 indecoro
532 769 711 822 pulvere
739 767 949 820 sordidos,

233 823 289 860 Et
318 830 467 861 cuncta
491 830 702 862 terrarum
729 822 900 862 subacta

283 878 461 915 Praeter
488 884 674 916 atrocem
704 875 883 915 animum
911 875 1094 917 Catonis.

179 952 307 1001 luno,
337 959 379 990 et
407 951 599 990 Deorum
626 952 813 1007 quisquis
842 952 1016 992 amicior

179 1004 295 1043 Afris
323 1004 453 1043 inulta
484 1014 670 1044 cesserat
694 1005 904 1059 impotens

231 1057 427 1105 Tellure,
456 1058 664 1097 victorum
692 1067 870 1112 nepotes

283 1108 446 1149 Retulit
472 1111 646 1151 inferias
673 1112 912 1166 Iugurthae.

181 1185 287 1245 Quis
314 1199 397 1225 non
424 1186 572 1225 Latino
601 1186 803 1240 sanguine
827 1185 1027 1246 pinguior

179 1242 359 1292 Campus
395 1239 597 1293 sepulcris
624 1239 750 1293 impia
776 1239 940 1292 proella

230 1295 450 1343 Testatur,
481 1293 752 1348 auditumque
781 1292 915 1332 Medis

283 1347 518 1400 Hesperiae
547 1346 730 1386 sonitum
755 1345 931 1386 ruinae?

178 1423 265 1484 Qui
292 1437 471 1477 gurges,
501 1429 573 1460 aut
601 1434 710 1475 quae
737 1420 906 1461 flumina
933 1421 1124 1476 lugubris

177 1478 324 1531 Ignara
348 1474 479 1516 belli?
507 1475 623 1529 quod
653 1489 769 1515 mare
796 1475 988 1515 Dauniae

229 1532 321 1569 Non
344 1529 650 1571 decoloravere
677 1528 861 1569 caedes?

282 1583 405 1644 Quae
435 1590 550 1622 caret
578 1595 652 1620 ora
679 1595 834 1622 cruore
858 1582 1028 1622 nostro?

176 1658 263 1699 Sed
290 1672 365 1708 ne,
392 1658 574 1709 relictis,
591 1659 708 1696 Musa
733 1671 914 1711 procax,
939 1659 1065 1712 iocis,

178 1713 290 1752 Ceae
319 1720 523 1752 retractes
550 1725 722 1751 munera
748 1711 918 1751 naeniae
927 1727 941 1764 ;

228 1767 395 1805 Mecum
421 1766 613 1805 Dionaeo
642 1764 718 1804 sub
749 1772 867 1804 antro

282 1819 456 1881 Quaere
482 1818 631 1859 modos
663 1817 825 1857 leviore
842 1818 1024 1872 plectro.

1465 354 1512 394 15

1455 656 1507 683 20

1452 955 1505 995 25

1453 1245 1506 1284 3ο

1446 1829 1499 1871 4ο

245 2003 273 2023 ν.
298 2001 352 2022 21.
397 1987 516 2021 Videre
550 1997 668 2030 magn.
693 1985 814 2018 Bentl.
842 1997 860 2018 e
887 1988 1108 2023 coniectura.
1138 2006 1187 2016 ——
1220 2001 1252 2023 ν.
1273 1989 1319 2026 28
1349 1988 1500 2023 Rettulit

174 2034 256 2068 Fea.
282 2053 326 2061 —
350 2047 385 2068 v.
411 2036 465 2069 33.
492 2035 579 2078 Quis
605 2043 735 2076 gurges
759 2031 824 2063 Ed.
848 2032 997 2066 Veneta.
