1526 2404
472 190 708 220 sennonem
739 192 823 223 mn,
850 181 890 231 I,
916 187 955 229 4.
1115 175 1119 178 ’
1332 189 1387 232 27

589 275 757 345 Sarma
800 305 853 347 V.

129 403 254 439 Schol:
273 402 449 449 Porphyr.
474 403 644 436 Lucilium
668 400 735 436 hac
757 405 872 436 satie-a
895 402 1098 436 aemulatur·
1120 403 1295 441 Horatius
1320 403 1388 438 iul·

61 460 164 482 suum
195 461 218 481 a
251 449 364 481 Roma
400 460 511 494 usque
544 447 788 480 Brundusium
820 446 1040 487 desm'bens,
1076 445 1178 493 quod
1202 455 1237 481 et
1269 447 1327 480 ille
1347 449 1386 481 ὺι

63 495 163 526 tercio
183 493 270 526 libro
283 492 396 537 ficit,
419 494 569 537 primum
594 503 616 524 a
642 491 752 524 Roma
777 493 936 538 Capuam
961 494 1072 536 usque
1093 500 1129 525 σε
1150 491 1231 525 inde
1242 491 1384 537 fretum

62 536 248 571 Siciliense.
283 538 446 570 Dubitari
471 548 543 570 non
569 542 710 580 potest,
742 538 829 581 quin
853 543 963 581 poeta
987 535 1078 569 hanc
1099 538 1268 578 satiram,
1294 547 1389 580 quac

63 582 199 616 itineris
231 583 343 614 Roma
365 581 608 615 Brundusium
641 582 742 625 quasi
776 581 930 614 diarium
962 582 1147 622 continet,
1179 581 1389 614 Lucilianae

63 627 116 659 illi
141 632 178 658 ut.
199 628 376 668 geminam
400 626 533 659 addere
556 626 732 668 voluerit3
756 626 791 658 in
811 637 882 670 qua
907 624 1053 670 quidem
1078 630 1211 669 quanto
1240 635 1302 658 ere
1328 636 1388 659 ve·

63 672 250 704 tustiorem
284 676 429 715 poetam
453 676 490 703 et
513 676 587 703 arte
614 676 650 703 et
681 671 857 712 elegantia
891 671 1133 714 superaverit,
1170 680 1188 702 e
1244 670 1390 703 uciliani

61 716 226 748 carminis
249 715 453 758 fragmentis
478 714 595 748 adhuc
619 715 765 758 reliquis
791 713 852 757 (in
877 715 1096 748 collectione
1119 713 1262 747 Dousae
1291 737 1302 755 ,
1323 714 1390 747 etti

62 770 135 792 non
158 760 278 792 multis
301 760 371 792 illis
387 759 531 803 quidem
547 760 727 792 coniicere
743 758 1018 835 guodammodo⁴
1030 770 1228 803 possumus.
1253 714 1390 802 &naen-i

62 810 180 837 tamen
202 809 322 848 potest
337 827 348 845 ‚
387 815 432 837 an
455 815 528 836 non
554 803 643 842 hacc
661 804 738 847 lepi
766 815 788 836 a
812 805 971 836 narratio
998 814 1122 836 omnes
1149 804 1294 835 omnino
1319 803 1390 834 Ro-

63 859 187 881 manos
212 849 372 881 lectores
396 854 433 881 et
454 849 498 881 ab
526 849 623 880 omni
646 854 747 892 parte
774 849 823 880 ita
843 853 1007 888 teneret,
1033 853 1070 880 ut
1082 858 1151 880 nos
1170 858 1264 883 nunc
1278 852 1391 880 tenet.

64 893 192 926 Plures
217 894 313 925 enim
334 893 409 926 loci
432 899 471 925 ut
501 903 598 925 vers.
622 894 679 925 30.
706 893 761 926 38.
786 891 841 934 48.
868 891 924 935 49.
948 894 1005 935 95.
1029 893 1092 934 96,
1125 898 1203 924 tum
1228 891 1266 924 id
1291 891 1391 935 quod

65 937 282 976 sionificatur
305 949 336 969 v.
364 938 428 978 36,
466 943 573 983 atque
607 937 707 979 quod
730 948 761 969 v.
787 937 904 970 82-85.
936 942 1120 978 narratur,
1159 935 1248 969 haec
1272 937 1393 968 omnia.

66 993 87 1014 a
115 981 250 1015 ducere
274 991 340 1016 nos
364 981 518 1023 debent,
543 987 582 1014 ut
607 981 818 1022 credamus,
843 981 937 1014 hunc
962 991 1163 1019 sermonem
1188 991 1260 1012 non
1284 980 1391 1012 ruisse

64 1026 109 1059 ab
137 1031 286 1059 auctore
310 1025 537 1066 destinatum,
561 1026 621 1069 qui
645 1026 782 1069 publici
806 1026 891 1058 iuris
914 1025 1038 1066 fieret,
1060 1025 1126 1057 sed
1148 1030 1285 1057 tantum
1309 1035 1393 1057 cum

66 1071 188 1114 paucis
211 1071 332 1103 amicis
356 1079 426 1102 una
452 1071 622 1115 profectis
646 1076 685 1101 ut
708 1070 887 1103 ludicrum
910 1069 1012 1102 huius
1037 1070 1171 1101 itineris
1194 1070 1392 1101 monimen-

66 1120 141 1147 tum
167 1115 500 1152 communicaretur.
543 1115 623 1156 Qua
655 1113 700 1146 de
736 1125 843 1147 causa
874 1120 992 1147 autem
1019 1115 1209 1147 Maecenas
1237 1119 1272 1145 et
1298 1113 1392 1145 Coc-

68 1160 188 1201 ceius,
225 1158 354 1202 quibus
376 1159 540 1191 Horatius
560 1169 597 1191 se
623 1159 793 1191 comitem
817 1159 1010 1203 applicuit,
1043 1158 1114 1191 hoc
1138 1159 1205 1190 iter
1227 1167 1393 1201 suscepe-

65 1204 158 1244 rint,
192 1204 267 1247 ipse
291 1202 425 1243 indicat
448 1214 538 1239 vers.
563 1204 626 1237 28:
664 1203 891 1236 conciliaturi
916 1204 1008 1236 enim
1036 1207 1134 1235 erant
1160 1202 1395 1240 Octavianum

65 1253 101 1280 et
124 1247 318 1280 Antonium
339 1253 416 1280 tum
438 1249 611 1292 temporis
645 1248 738 1280 inter
765 1258 802 1280 se
840 1248 1097 1280 dissentientes.
1132 1246 1329 1278 Massonius
1350 1247 1390 1277 in.

72 1292 153 1324 Vita
185 1292 314 1324 Horat.
348 1304 383 1336 p.
407 1293 448 1325 81
476 1303 538 1336 seq
568 1316 576 1324 .
612 1291 682 1324 hoc
718 1293 786 1324 iter
822 1293 902 1324 anni
927 1302 989 1335 717
1025 1297 1217 1324 auctumno
1243 1290 1397 1332 assignat

12 1348 16 1350 ·
65 1335 261 1369 secundum
285 1336 396 1369 Dio‘n.
422 1336 520 1369 Cass.
569 1337 602 1378 8,
621 1336 682 1378 54;
708 1336 772 1369 sed
786 1333 1046 1379 Wesselingius
1063 1335 1260 1367 Observatc.
1277 1335 1323 1372 Il,
1343 1334 1395 1366 15.

67 1381 282 1415 certioribus
313 1379 511 1413 rationibus
548 1387 651 1414 utens
684 1381 932 1424 praecedentis
968 1381 1050 1413 anni
1080 1380 1236 1423 tempori
1261 1388 1370 1410 verno
1384 1400 1395 1418 ‚

65 1435 148 1458 cum
163 1425 333 1456 Antonius
350 1425 583 1458 Brundusium
599 1426 744 1458 veniret.
770 1426 921 1469 Appian.
937 1425 982 1466 V,
1002 1426 1044 1468 78
1060 1437 1113 1468 sq.
1130 1422 1182 1455 ed.
1199 1420 1393 1464 Schweigh.

80 1492 102 1507 „
118 1469 184 1502 815
199 1480 252 1514 sq.
278 1469 351 1501 Iter
373 1471 534 1502 recerunt
554 1471 708 1513 'primum
727 1470 900 1513 pedibus,
926 1476 999 1501 tum
1019 1468 1118 1510 navi,
1144 1466 1276 1502 deindo
1292 1466 1396 1499 muli·

66 1480 112 1556 Συ.
129 1511 201 1558 47.)
224 1518 446 1557 postremum
467 1514 588 1547 rhedis
615 1513 661 1557 (v.
677 1515 748 1558 86.)
774 1515 878 1546 vecti.
904 1513 1093 1557 Hssl'stdfflffi

66 1648 300 1700 Egressum
326 1658 475 1705 magna
502 1658 570 1684 me
601 1646 768 1698 excepit
795 1645 938 1684 Aricia
964 1646 1103 1684 Roma

69 1698 266 1751 Hospitio
294 1697 484 1746 modioo3
514 1697 662 1737 rhetor
691 1711 832 1737 comes
862 1697 1146 1747 Heliodorus,

9 1782 15 1786 .
73 1751 334 1790 Graecorum
362 1749 488 1809 longe
517 1749 793 1790 doctissimus.
831 1749 932 1788 Inde
961 1749 1121 1788 Forum
1150 1750 1284 1803 Appi,

74 1802 308 1842 Differtum
335 1809 492 1849 nautls,
521 1801 779 1854 cauponibus
813 1810 939 1855 atque
967 1801 1171 1853 malignis.

74 1857 170 1894 Hoc
197 1855 280 1893 iter
308 1852 448 1906 ignavi
475 1853 714 1903 divisimus,
744 1854 864 1892 altius
894 1865 942 1891 ac
969 1867 1046 1892 nos
1072 1881 1075 1884 <
1376 1853 1402 1890 5

77 1906 333 1951 Praecinctis
358 1919 507 1950 unum:
529 1904 663 1945 minus
692 1914 755 1945 est
783 1905 921 1959 gravis
948 1905 1086 1958 Appia
1113 1903 1255 1943 tardis.

91 2070 97 2073 ,
141 2034 188 2076 V,
212 2047 244 2067 v.
266 2045 295 2068 ι.
321 2033 454 2077 accepit
475 2031 637 2063 Lambin.
664 2041 683 2062 e
709 2028 831 2066 Codd.
862 2030 916 2062 Cf.
939 2031 1023 2064 Fea.
1059 2048 1105 2057 —-
1142 2042 1172 2062 v.
1200 2032 1231 2064 3.
1257 2029 1404 2072 linguae

78 2089 146 2124 pro
171 2079 276 2123 &mge
306 2079 409 2110 multi
443 2075 564 2111 Codd.
597 2075 650 2106 Cf.
677 2074 804 2106 Heind.
832 2080 867 2106 et
891 2076 974 2107 Fen.
1011 2092 1056 2100 —
1094 2087 1125 2106 v.
1151 2076 1183 2107 5.
1224 2074 1316 2106 Hinc
1339 2075 1405 2105 iter

81 2125 176 2158 coni.
202 2123 305 2155 Both.
329 2122 516 2155 Annotatt.
543 2119 615 2151 Sed
640 2118 694 2150 Cf.
720 2117 817 2150 Iahn.
855 2136 900 2143 —
938 2131 968 2150 v.
991 2120 1025 2151 6.
1060 2119 1159 2151 m‘mis
1194 2129 1260 2162 pro
1290 2119 1406 2149 mima

83 2166 336 2243 gegitthiZhe
360 2166 522 2211 pluribus
549 2163 664 2196 Codd.
696 2162 832 2195 Bothio
866 2168 902 2195 et
933 2162 1127 2206 Doeringio
1163 2162 1404 2205 sequentibus.

111 2221 130 2243 e
218 2234 227 2242 .
312 2221 347 2243 n.
