1526 2404
120 129 171 171 72
571 131 611 173 Q.
640 131 823 161 nonATn
850 131 1006 160 macc!

118 222 200 261 Fas
226 221 467 275 pervicaces
496 231 560 264 est
587 224 689 264 mihi
713 224 779 264 Th
805 223 939 276 iada,

118 275 299 330 Vinique
326 275 511 327 fontem,
538 277 655 317 lactis
683 285 727 318 et
811 291 906 318 eres
1395 290 1444 319 ιο

172 328 348 367 cantare
375 329 488 369 rivos
503 361 514 381 ‚
542 339 668 386 atque
695 331 853 371 truncis

222 382 357 434 Lapsa
384 383 495 423 cavis
521 384 675 424 iterare
701 385 838 424 mella.

117 456 199 495 Fas
227 464 270 495 et
295 455 443 497 heatae
473 459 660 514 coniugis
688 460 874 500 additum

117 509 257 548 Stellis
286 508 512 562 honorem,
540 521 734 575 tectaque
763 513 946 554 Penthei·

167 561 353 602 Disiecta
380 578 466 604 non
493 566 577 605 leni
607 581 745 617 rulna‚
1320 591 1323 594 -
1398 569 1446 608 15

223 615 397 655 Thracis
423 626 466 657 et
493 619 663 658 exitium
691 620 886 675 Lycurgi.

117 692 184 730 Tu
211 690 346 731 flectis
376 706 529 742 amnes,
554 702 603 734 tu
628 708 743 735 mare
770 694 1017 736 barbarum:

117 746 184 783 Tu
213 746 412 798 separatis
442 747 591 787 uvidus
618 748 660 786 in
692 747 799 802 iugis

168 798 292 838 Nodo
321 802 493 840 coe‘rces
522 801 712 854 viperino

216 851 481 893 Bistonidum
510 854 596 894 sine
625 853 775 893 fraude
803 854 952 895 crines.
1392 870 1446 898 20

115 929 204 977 Tu,
233 942 361 982 quum
388 929 570 982 parentis
598 943 729 984 regna
755 944 834 983 per
861 931 1038 971 arduum

117 980 282 1020 Cohors
313 982 536 1035 Gigantum
565 983 784 1023 scanderet
809 984 958 1037 impia,

166 1033 381 1073 Rhoetum
412 1036 619 1075 retorsisti
644 1037 775 1075 leonis

221 1087 436 1141 Unguibus
464 1089 740 1143 horribilique
767 1090 896 1140 mala,

116 1162 401 1224 Quamquam,
431 1161 596 1201 choreis
625 1163 761 1215 aptior
790 1171 832 1202 et
859 1163 962 1203 iocis
1391 1167 1445 1207 25

113 1217 321 1271 Ludoque
352 1215 509 1265 dictus,
536 1229 620 1253 non
641 1223 703 1254 sat
730 1215 904 1255 idoneus

166 1272 340 1323 Pugnae
367 1267 596 1318 ferebari83
626 1268 700 1307 sed
727 1268 841 1308 idem

221 1323 342 1363 Pacis
369 1335 461 1362 eras
487 1321 733 1376 mediusque
761 1321 873 1361 belli.

115 1400 179 1438 Te
210 1397 315 1438 vidit
342 1397 482 1436 insons
510 1395 721 1436 Cerberus
750 1411 878 1437 aureo

117 1453 261 1492 Cornu
289 1450 512 1499 decorum,
540 1450 690 1489 leniter
721 1459 901 1490 atterens
1388 1449 1444 1490 3ο

169 1503 375 1554 Camlmn,
404 1511 447 1542 et
474 1502 710 1543 recedentis
739 1502 924 1557 trilingui

219 1556 310 1597 Ore
338 1555 470 1610 pedes
497 1555 720 1611 tetigitque
749 1570 885 1596 crura.

178 1733 287 1775 XIX,
314 1744 346 1765 v.
370 1742 404 1775 9.
437 1731 484 1763 sit
504 1729 588 1762 mihi
608 1731 701 1763 coni.
725 1730 839 1763 Bentl.
865 1728 1246 1776 idemque‘vindicavit
1269 1729 1439 1772 scriptio-

114 1791 197 1813 nem
224 1776 425 1823 Thyiadas,
450 1787 531 1808 cum
554 1776 658 1818 vulgo
683 1782 775 1808 esset
802 1776 984 1821 Tlgyadas.
1016 1797 1064 1803 -—
1099 1789 1134 1810 v.
1165 1777 1216 1809 15.
1253 1786 1326 1806 mm
1347 1773 1440 1813 leni,

116 1825 214 1869 quod
236 1824 386 1867 requirit
408 1831 527 1854 versus
550 1821 652 1852 multi
679 1818 797 1853 Codd.
819 1822 942 1853 Lamb.
968 1823 1081 1855 Bentl.
1107 1820 1221 1855 Vand.
1245 1820 1316 1854 alii.
1340 1820 1440 1852 Olim

115 1871 219 1912 vulgo
245 1880 317 1901 non
339 1867 414 1900 levi.
447 1884 493 1891 —
527 1877 564 1898 v.
587 1867 641 1898 23.
668 1865 842 1898 Rhoecum
875 1867 965 1899 Cod.
1002 1867 1128 1900 Graev.
1153 1872 1189 1899 et
1211 1877 1304 1897 unus
1329 1864 1439 1908 Cruq·

115 1915 246 1960 reliqui
270 1923 392 1947 omnes
415 1911 621 1957 conspirant
643 1911 679 1943 in
703 1910 870 1946 Rhoetus.
897 1910 954 1946 Cf.
977 1912 1093 1946 Bentl.
1116 1917 1153 1946 et
1174 1910 1278 1944 Both.
