1526 2404
440 143 667 170 mannua
696 142 782 167 Lm.
811 128 869 177 11,
905 130 962 169 13.
1336 129 1386 168 63

560 302 748 342 cinna
781 300 886 339 XIII.

59 393 116 433 IN
140 391 446 441 ARBOREM,
480 386 825 480 CUII.›‘'FSUI(35{&{{q¹
839 385 1030 426 PAENE
1060 383 1387 427 OPPRESSUS

129 528 341 566 Exsecr'atus
362 531 527 563 arborem
548 529 737 574 improvisa
759 528 916 562 satorum
937 524 1099 568 pericula
1117 527 1294 558 memorat
1311 522 1387 556 fac-

61 584 169 622 taque
195 577 389 611 inferorum
411 575 594 608 mentione
616 572 760 618 Sappho
786 578 824 607 et
848 572 1021 605 Alcaeum
1043 568 1183 605 laudat.

532 660 687 697 Me'trum
717 662 911 696 Ale-uicum.

64 739 139 780 Ille
168 747 211 779 et
236 738 403 779 nefasto
430 745 474 776 te
494 738 638 790 posuit
663 736 732 776 die
742 767 767 787 ‚‚

64 793 339 855 Quicunque,
366 791 547 845 primum
560 820 573 841 ‚
602 800 646 831 et
672 790 876 844 sacrilega
901 801 1028 839 manu

114 845 342 894 Produxit‚
366 843 515 893 arbos,
533 843 574 882 in
602 851 806 897 nepotum

166 898 403 938 Perniciem
429 895 788 952 opprobriumque
814 895 937 949 pagi3

64 975 187 1014 Illum
216 983 260 1014 et
281 973 464 1028 parentis
493 972 745 1013 crediderim
772 970 837 1009 sui
1361 969 1389 1010 5

66 1030 101 1068 F
103 1027 263 1082 regisse
291 1027 524 1076 cervicem,
553 1035 596 1066 et
630 1023 861 1079 penetralia
1340 1041 1342 1044 ·

117 1081 330 1134 sparsisse
355 1089 562 1119 nocturno
601 1090 755 1118 cruore

170 1133 378 1187 Hospitis3
399 1133 471 1173 ille
497 1145 659 1173 venena
681 1129 860 1179 Colcha,

66 1212 123 1250 Et
157 1208 361 1265 quidquid
384 1220 561 1262 usquam
588 1205 823 1259 concipitur
853 1201 998 1254 nefas,

71 1264 304 1313 'Pl-aetavit,
332 1275 434 1323 agro
459 1260 550 1315 quit
575 1260 719 1300 statuit
753 1270 849 1297 meo
1344 1268 1389 1294 ιο

118 1319 182 1356 Te
206 1317 327 1356 triste
354 1316 533 1368 lignum,
559 1322 606 1353 te
633 1312 835 1352 caducum

173 1370 219 1409 In
243 1368 399 1409 domini
429 1374 555 1420 caput
590 1365 857 1405 immerentis.

71 1444 190 1538 guid
209 1445 384 1500 quisque
407 1443 535 1493 vitet,
560 1457 771 1497 nunquam
796 1438 954 1480 homini
978 1438 1076 1477 satis

107 1507 248 1538 autum
276 1505 362 1546 est,
391 1497 432 1535 in
456 1496 596 1535 horas.
623 1496 771 1535 Navita
806 1496 1047 1546 Bosporum

120 1553 287 1591 Poenus
314 1549 620 1603 perhorrescit,
645 1563 784 1603 neque
804 1548 913 1587 ultra
1343 1545 1390 1585 15

179 1606 315 1644 Caeca
336 1603 457 1642 timet
484 1602 650 1642 aliunde
675 1602 783 1652 fata3

70 1679 190 1719 Miles
216 1677 384 1732 sagittas
413 1686 457 1718 et
484 1677 667 1718 celerem
693 1674 838 1728 fugam

70 1731 237 1782 Parthi3
266 1739 432 1771 catenas
459 1730 639 1770 Parthus
668 1736 711 1768 et
745 1727 891 1767 Italum

123 1785 291 1825 Robur:
320 1785 398 1824 sed
418 1783 644 1838 improvisa
668 1781 744 1821 leti

176 1838 250 1879 Vis
265 1839 404 1892 rapuit
424 1838 645 1893 rapietque
661 1843 820 1889 gentes.
1338 1842 1388 1869 20

117 1997 227 2038 XIII,
253 2008 282 2028 ν.
301 2007 331 2029 ι.
355 1997 411 2031 Ita
435 2007 557 2028 omnes
571 1996 667 2031 libri.
682 1996 801 2029 Nicol.
816 1995 934 2027 Heius.
950 1992 1043 2026 coni.
1067 1990 1173 2022 Hlum
1193 1997 1248 2030 et,
1270 1989 1387 2022 Bentl.

76 2042 179 2074 Illum
202 2054 236 2075 ο.
262 2041 314 2073 De
331 2042 641 2085 interpunctione,
666 2052 735 2084 qua
750 2042 834 2074 loco
850 2037 1027 2072 subveniri
1042 2041 1187 2078 poterat
1212 2035 1267 2068 Cr.
1282 2033 1387 2068 Both.

78 2092 115 2121 et
137 2087 233 2120 Iahn.
265 2104 311 2111 --
342 2099 372 2121 ν.
398 2088 436 2122 8.
463 2085 592 2118 Colcha
616 2085 733 2119 Codd.
758 2085 866 2129 Cruq.
888 2083 1011 2116 Bentl.
1037 2079 1153 2114 Vand.
1175 2082 1281 2113 Fene.
1308 2078 1387 2110 Col-

77 2130 173 2165 chica
203 2133 317 2164 maior
346 2143 428 2177 pars
460 2129 581 2165 Codd.
605 2136 643 2165 et
664 2129 776 2165 Editt.
803 2137 885 2164 ante
909 2128 1036 2162 Bentk.
1068 2128 1142 2159 sere
1168 2135 1304 2159 omnes.
1329 2122 1386 2160 Cf.

79 2176 200 2211 Bentl.
221 2195 266 2203 —
290 2189 319 2210 ν.
346 2189 397 2221 ¹7·
421 2175 579 2210 reducem
603 2186 671 2221 pro
695 2175 834 2209 celerem
854 2175 948 2209 coni.
970 2173 1092 2206 Bentl.
1117 2170 1175 2206 Cs.
1199 2170 1298 2204 lahn.
