1526 2404
429 166 655 196 munuum
686 165 770 191 mn.
798 151 858 204 11,
891 166 950 204 ¹7·
1144 142 1150 146 ⁶
1300 150 1353 206 α)

36 257 125 297 Ah!
150 265 195 297 te
220 269 339 296 meae
365 255 400 294 si
425 261 587 308 partem
615 251 771 290 animae
798 250 906 304 rapit

35 309 238 350 maturior
268 309 351 359 vis,
378 308 478 363 quid
503 318 648 346 moror
675 302 834 343 altera?

86 365 174 403 Nec
200 375 319 402 carus
348 375 503 416 aeque,
533 371 610 398 nec
637 364 849 410 superstes

134 416 312 470 Integer.
364 415 438 454 Ille
466 414 555 452 dies
579 418 799 464 utramque
864 464 865 467 Ἴ

34 493 176 533 Ducet
198 492 372 532 ruinam.
413 490 507 527 Non
534 501 615 541 ego
642 485 849 540 perfidum

33 546 132 586 Dixi
157 551 480 585 sacramentum:
508 540 656 579 ibimus
670 569 683 589 ,
705 538 877 588 ibimus,
1309 551 1355 577 ,ο

84 599 303 652 Utcunque
329 594 581 650 praecede-5,
607 605 847 652 supremum

139 653 322 704 Carpere
347 650 429 689 iter
461 647 633 687 comites
661 653 804 699 parati.

33 727 102 766 Me
126 739 204 765 nec
232 724 474 764 Chimaerae
502 722 667 775 spiritus
694 721 864 775 igneae,

32 781 141 827 Nec,
168 778 201 817 si
226 785 418 830 resurgat
449 774 699 814 centimanus
728 774 863 825 Gyas,

84 832 268 872 Divellet
293 844 350 868 un
379 843 485 867 uam.
526 828 594 866 Sic
621 827 783 880 potenti

952 832 994 840 “’
1310 836 1358 866 it>

133 883 313 923 Iustitiae
339 897 368 936 p
386 881 621 935 acitumque
648 879 802 919 Parcis.
1257 899 1264 906 ι

33 956 119 997 Seu
145 956 291 1007 Libra,
317 970 393 997 seu
418 970 486 996 me
513 957 711 1010 Scorpius
738 956 912 1010 adspicit

35 1009 374 1060 Formidolosus,
398 1024 495 1064 pars
522 1010 747 1049 violentior

85 1063 235 1102 Natalis
261 1063 413 1111 horae,
440 1075 516 1102 seu
538 1071 732 1115 tyrannus

137 1116 365 1170 Hesperiae
393 1115 670 1174 Capricornus
698 1115 856 1156 undae:
1306 1126 1358 1153 20

18 1192 265 1247 'Utrumque
292 1198 481 1230 nostrum
510 1191 741 1232 incredibili
770 1192 900 1232 modo

37 1245 251 1286 consentit
278 1252 453 1289 astrum„
492 1246 554 1284 Te
581 1246 690 1285 Iovis
718 1246 845 1299 impio

84 1299 234 1338 Tutela
262 1297 441 1336 Saturno
481 1296 725 1351 refulgens}

136 1351 325 1405 Eripuit,
351 1349 616 1404 volucrisque
655 1352 747 1392 Fati

33 1421 232 1463 Tardavit
253 1425 335 1465 alas
371 1440 499 1481 quum
522 1426 700 1480 populus
726 1425 928 1482 frequens
968 1437 971 1439 ·
1305 1426 1358 1466 25

33 1477 208 1515 Laetum
236 1477 404 1518 theatris
430 1487 498 1519 ter
525 1479 687 1532 crepuit
714 1492 882 1519 sonum:
1332 1496 1337 1501 ·

85 1529 155 1568 Me
178 1536 346 1570 truncus
372 1531 538 1592 illapsus
575 1531 753 1572 cerebro

136 1581 387 1635 Sustulerat,
413 1584 683 1626 msinFaunus
710 1585 838 1625 ictum

34 1656 194 1695 Dextra
218 1657 417 1710 levasset,
452 1661 759 1700 Mercurialium

36 1709 190 1748 Custos
218 1710 416 1751 virorum.
444 1712 642 1753 Reddere
667 1714 854 1753 victimas
1301 1717 1355 1757 30

87 1761 329 1817 Aedemque
358 1765 540 1805 votivam
566 1775 776 1806 memento
790 1781 807 1813 :⁴
1047 1784 1052 1786 “

137 1815 223 1853 Nos
249 1816 445 1858 humilem
471 1816 671 1859 feriemus
697 1833 854 1874 agnam.

97 1966 220 2007 XVII,
246 1979 275 1999 ν.
296 1954 344 2001 6.'
362 1979 482 2001 mor-or·
505 1967 652 2000 alter-am
681 1967 764 2000 vet.
799 1968 917 2004 schol.
942 1974 980 2003 et
1003 1970 1144 2014 aliquot
1170 1967 1268 2005 Edd.
1292 1969 1351 2002 Cf.

35 2007 145 2043 Both.
169 2012 319 2047 Annott.
343 2015 399 2055 qui
424 2014 520 2047 coni.
543 2010 634 2058 quid
650 2013 797 2045 moror?
815 2015 943 2047 alter-(1.
963 2033 1010 2040 ·—-
1045 2027 1077 2049 ν.
1106 2015 1157 2058 ι4.
1195 2013 1351 2058 Quidam

37 2052 159 2088 codd.
182 2056 298 2100 Gyas,
322 2058 378 2089 alii
402 2059 539 2103 Gyges,
564 2054 628 2090 sed
651 2057 794 2099 plurimi
813 2060 931 2102 Gigas.
957 2060 1014 2094 Cs.
1039 2060 1159 2094 Bentl.
1184 2066 1220 2092 et
1243 2059 1348 2091 Both.

37 2100 184 2133 Annott.
207 2119 255 2125 ——
278 2113 310 2136 ν.
336 2112 383 2144 ¹9-
404 2103 516 2135 letalis
540 2101 647 2134 horae
670 2101 789 2137 Codd.
811 2105 949 2148 aliquot
974 2104 1085 2149 Cruq.
1114 2112 1149 2137 et
1166 2104 1284 2137 Vand.
1304 2122 1350 2129 —

40 2155 71 2176 ν.
96 2155 153 2178 21.
190 2145 375 2192 Utcunque
402 2156 563 2180 nostrum
597 2147 724 2189 legisse
755 2147 897 2183 videtur
932 2150 1057 2185 Schol.
1092 2148 1205 2193 Cruq.
1239 2147 1348 2193 idque

38 2189 313 2234 praeferendum
337 2189 475 2227 videtur
497 2191 603 2226 Both.
899 2203 911 2207 ·
