1526 2404
523 199 526 202 -
548 183 726 213 nonos
751 185 898 215 minen.
924 175 964 217 3.
1338 179 1412 229 145

150 273 309 316 Videre
334 284 608 330 properantes
634 277 826 319 domum!

98 325 257 367 Videre
282 327 419 368 fessos
447 342 663 370 vomerem
689 330 899 373 inversum
926 333 1057 375 boves

152 380 274 420 Collo
305 380 516 420 trahentes
543 382 761 436 languido!

99 431 350 488 Positosque
379 446 548 482 vernas,
577 433 671 475 ditis
696 449 868 479 examen
894 438 1067 493 domus,
1253 473 1259 479 .
1358 445 1412 488 65

97 483 318 525 &Circum
342 485 580 525 renidentes
607 489 757 529 Lares!

97 538 214 578 Haec
241 538 314 578 nbi
339 538 506 578 locutus
531 538 747 582 fenerator
772 543 971 598 Mphim,

146 591 233 631 lam
258 591 340 631 iam
365 590 533 630 futurus
560 593 761 645 rusticus,

98 643 279 684 Omnem
305 643 408 684 rede
443 644 472 683 ‘t
497 643 635 684 Idibus
660 649 903 702 pecuniam3

150 697 329 758 Quaerit
355 696 389 736 C
432 697 549 737 endis
574 711 748 752 ponere.
1358 723 1413 762 7⁰

589 860 593 863 .
606 829 793 871 Cnmmv
821 833 887 872 ΠΙ.

503 925 582 964 AD
613 925 1019 969 MAECENATEM.

403 1012 535 1047 Allium
558 1015 682 1050 iocoso
705 1020 859 1052 carmine
883 1018 1092 1054 detestatur.

602 1092 760 1127 Men-um
791 1094 898 1130 idem.

93 1161 284 1201 Parentis
316 1162 415 1203 olim
441 1165 476 1204 si
507 1167 601 1221 quis
628 1168 754 1223 impia
778 1185 904 1212 manu

145 1213 285 1255 Senile
313 1224 458 1270 guttur
483 1217 683 1274 fregerit,

93 1267 193 1306 Edit
218 1267 363 1308 cicutis
389 1270 529 1311 allium
555 1275 786 1317 nocentius.

145 1319 186 1360 Ο
216 1320 320 1360 dura
345 1336 579 1365 messorum
603 1327 696 1367 ilia!

93 1372 209 1435 Quid
233 1373 316 1414 hoc
342 1378 493 1416 veneni
519 1379 651 1420 saevit
677 1381 719 1420 in
744 1382 1033 1436 praecordiis?
1384 1389 1411 1428 5

144 1427 254 1465 Num
282 1427 493 1480 viperinus
520 1429 584 1471 his
612 1446 739 1474 cruor

92 1478 283 1518 Incoctus
311 1479 453 1521 herbis
480 1497 548 1523 me
576 1484 765 1528 fefellit?
791 1504 842 1529 an
866 1490 994 1530 malas

148 1531 316 1571 Canidia
339 1537 531 1576 tractavit
557 1537 715 1592 dapes?

94 1583 151 1622 Ut
175 1583 435 1632 Argonautas
461 1598 633 1641 praeter
661 1607 805 1635 omnes
833 1596 1054 1637 candidum

126 1636 295 1676 Medea
321 1638 466 1679 mirata
492 1650 555 1681 est
575 1644 751 1697 ducem,
1364 1665 1409 1692 ¹0

92 1689 238 1742 Ignota
265 1691 392 1729 tauris
418 1691 674 1747 illigaturum
699 1698 820 1754 iuga,

145 1742 347 1787 Perunxit
372 1743 454 1785 hoc
479 1748 687 1790 Iasonem:

93 1794 189 1835 Hoc
217 1794 411 1836 delibutis
438 1799 526 1839 ulta
550 1800 669 1842 donis
695 1804 913 1858 pellicem,

94 1970 140 1979 —
161 1965 192 1986 v.
211 1954 273 1991 66.
297 1957 481 1991 rem'tenees
503 1970 593 1994 unus
617 1960 709 1995 Cod.
734 1960 850 1996 Vand.
873 1980 919 1990 —
939 1977 970 1998 v.
993 1966 1051 2011 67.
1075 1967 1191 2013 Affius
1210 1972 1269 2004 alii
1291 1971 1406 2006 Codd.

95 2003 134 2032 et
156 1998 249 2033 Edd.
274 1999 333 2036 Cf.
358 2003 441 2035 Fea.
463 2022 509 2030 —
534 2016 566 2041 v,
588 2006 646 2049 69.
671 2006 792 2051 relegit
820 2008 958 2052 aliquot
971 2010 1088 2046 codd.
1108 2019 1146 2046 et
1158 2015 1222 2048 Ed.
1240 2019 1406 2063 princeps

96 2042 178 2075 Vid.
202 2043 321 2078 Bentl.
348 2054 385 2081 et
406 2049 490 2081 Fea.

141 2089 213 2130 111,
237 2091 269 2123 3.
293 2090 395 2124 Edat
415 2091 509 2127 cod.
531 2094 646 2130 Brod.
668 2098 790 2141 plures
813 2098 926 2133 Vand.
948 2100 1019 2135 alii.
1046 2101 1137 2138 vid.
1162 2104 1270 2140 Both.
1286 2107 1406 2140 Anno-

98 2136 178 2165 tatt.
200 2151 246 2159 —
269 2147 300 2167 v.
325 2137 357 2169 5.
384 2139 490 2180 Queis
514 2139 610 2176 Edd.
634 2143 772 2186 aliquot
794 2149 884 2180 vett·
910 2162 957 2170 —
991 2157 1022 2178 v·
1044 2149 1078 2180 6.
1102 2149 1185 2182 ZVon
1215 2161 1282 2195 pro
1309 2153 1407 2185 Num

97 2175 260 2211 Cuiacius
283 2180 486 2219 Observatt.
510 2187 565 2220 28.
590 2198 610 2219 e
632 2187 748 2221 Codd.
778 2206 824 2216 -
869 2200 908 2220 v·
933 2190 969 2226 8.
993 2194 1144 2227 tentavit
1174 2193 1281 2241 dapes
1314 2197 1405 2230 Cod.

38 2244 41 2247 ⁴
99 2220 264 2255 Tor-rent.

141 2274 261 2309 Horat.
275 2278 306 2321 Ι,
1099 2293 1146 2321 ιο
