1526 2404
126 187 196 213 122
540 222 542 226 y
571 185 612 224 Q·
643 184 826 210 nomi-ru
854 181 1011 208 maeel

117 283 272 326 Vatum
299 295 471 336 ponere-
489 295 557 320 me
588 280 764 330 choros,
1282 294 1289 301 ·
1392 278 1439 319 15

168 338 224 376 Et
250 337 330 375 iam
358 336 485 375 dente
512 334 647 373 minus
675 332 877 373 mordeor
902 330 1058 371 invido.

118 389 182 439 O,
209 389 427 429 testudinis
456 401 609 428 aureae

169 444 351 482 Dulcem
380 456 487 498 quae
508 440 752 494 strepitum,
779 437 916 490 Pieri,
943 446 1174 493 temperas:

117 496 181 546 Ο,
210 497 334 536 mutis
362 510 532 551 quoque
559 493 741 548 piscibus
1044 524 1055 532 s

167 551 386 589 Donatura
413 550 551 601 cycni,
580 548 614 587 si
640 547 791 596 libeat,
818 559 990 597 sonum,
1151 587 1155 589 Δ
1389 557 1441 584 20

116 605 270 643 Totum
299 603 481 643 muneris
509 603 592 642 hoc
619 601 681 640 tui
709 608 792 650 est,

166 656 300 717 Quod
326 665 539 696 monstror
569 655 700 708 digito
730 652 1093 707 praetereuntium

113 711 330 750 Romanae
358 708 509 749 fidicen
536 710 672 761 lyrae:

169 763 297 823 Quod
317 764 432 818 spiro
463 773 506 804 et
532 764 706 817 placeo,
735 759 769 799 si
796 759 970 813 placeo,
998 766 1118 799 tuum
1146 766 1222 799 est.

632 900 820 939 Canum
847 898 919 939 IV.

447 1004 461 1010 κ
521 985 727 1024 DRUSI
753 984 1036 1025 LAUDES.

157 1072 330 1114 Drusum,
355 1072 502 1114 Augusti
529 1071 745 1114 privignum,
772 1070 818 1102 ob
844 1067 1008 1105 devictos
1032 1069 1090 1114 (A.
1113 1069 1160 1102 U.
1184 1069 1225 1104 C.
1251 1070 1330 1113 738.
1356 1075 1439 1105 ante

114 1112 245 1152 Christ.
269 1130 343 1152 na„
373 1117 439 1161 ια.)
468 1114 682 1154 Vindelicos
711 1115 909 1148 collaudat.

587 1189 672 1221 Mem
678 1201 742 1221 ‘ufn
767 1189 956 1221 Alcm'cum.

116 1271 297 1329 Qualem
322 1272 556 1311 ministrum
583 1268 768 1308 fulminis
799 1268 964 1318 alitem,

113 1328 191 1367 Cui
218 1340 294 1365 rex
321 1327 512 1365 Deorum
539 1337 718 1377 regnum
744 1323 786 1362 in
821 1336 919 1362 aves
947 1334 1072 1375 vagas

163 1380 381 1430 Permisit,
412 1386 609 1432 expertus
637 1375 808 1415 fidelem

217 1434 376 1486 Iupiter
403 1433 446 1471 in
462 1429 717 1482 Ganymede
746 1427 857 1469 flavo
869 1460 881 1480 ‚

113 1507 228 1547 Olim
254 1506 443 1546 iuventas
473 1513 515 1544 et
540 1505 700 1557 patrius
735 1505 857 1556 vigor
1381 1519 1385 1525 ’
1418 1505 1444 1545 5

59 1559 61 1562 ⁴
109 1560 218 1599 Nido
247 1559 437 1598 laborum
466 1559 653 1611 propulit
686 1558 884 1607 inscium,

163 1613 403 1669 Vewique,
431 1612 512 1650 iam
539 1611 687 1650 nimbis
715 1613 912 1664 remotis⁷

214 1667 406 1706 Insolitos
435 1665 624 1704 docuere
660 1665 773 1705 nisus

110 1742 238 1782 Venti
263 1751 510 1796 paventem3
538 1755 638 1780 mox
664 1740 705 1779 in
737 1741 861 1781 ovilia

109 1796 288 1835 Demisit
315 1796 481 1835 hostem
509 1794 672 1834 vividus
701 1794 881 1848 impetus
891 1811 903 1847 3
1397 1805 1444 1830 10

161 1849 282 1888 Nunc
310 1850 352 1888 in
379 1849 633 1888 reluctantes
664 1847 867 1888 dracones
1307 1865 1310 1868 ⁴

216 1902 316 1956 Egit
348 1916 464 1941 amor
486 1901 603 1955 dapis
632 1908 756 1955 atque
784 1896 972 1956 pugnae:

111 1976 351 2038 Qualemve
380 1978 499 2018 laetis
529 1991 679 2030 caprea
706 1979 870 2030 pascuis

110 2032 296 2082 Intenta,
322 2030 466 2073 fulvae
494 2031 636 2070 matris
668 2029 718 2069 ab
748 2032 882 2071 ubere

178 2182 241 2223 IV,
265 2194 294 2215 ν.
320 2183 354 2216 6.
377 2181 528 2227 protulit
553 2181 669 2215 Codd.
695 2183 902 2223 Torrenfii,
927 2181 999 2215 alii.
1038 2198 1084 2205 -
1122 2191 1151 2212 ν.
1180 2190 1213 2222 7.
1246 2179 1439 2224 Vernis-que

106 2226 207 2268 ,haud
230 2230 336 2273 pauci
362 2226 482 2262 Codd.
507 2225 604 2272 apud
621 2227 738 2263 Bentl.
756 2227 871 2261 Vand.
887 2228 968 2260 Fea.
987 2226 1040 2259 Cf.
1059 2225 1174 2259 Bentl.
1189 2231 1226 2260 et
1239 2223 1439 2258 Mitscherl.
