1526 2404
121 159 176 203 32
570 170 610 212 ρ.
642 167 827 196 nonam
855 167 1014 197 rnaccr

122 270 195 300 tate
217 265 374 311 populus
398 263 549 309 a'poeta
571 270 694 298 nostro
720 270 793 298 tam
816 265 1022 299 luculenter
1042 269 1079 297 et
1102 264 1257 307 graviter
1283 262 1460 298 edocere·

123 318 193 345 tur.
219 312 310 344 Nam
334 316 372 342 ut
399 314 434 341 et
460 311 534 354 ipse
557 311 767 352 Maecenas,
794 321 995 354 quanquam
1016 310 1180 353 potentia
1204 315 1239 342 et
1263 311 1379 353 gratia
1400 320 1459 342 va-

122 357 332 396 lidissimus,
359 356 449 387 intra
472 361 675 398 equestrem
702 356 866 388 ordinem
889 355 1057 396 substitit,
1083 355 1133 387 ita
1156 355 1192 386 in
1214 355 1337 387 amieis
1364 366 1457 398 quo-

125 414 194 447 quc
233 400 428 443 eligendis,
467 400 577 432 modo
614 402 681 433 sibi
719 407 884 434 constare
919 401 1052 441 vellet,
1091 401 1200 443 magis
1232 401 1400 432 virtutem
1422 405 1460 433 et

123 449 254 491 ingenii
281 447 397 487 dotes,
422 456 527 488 quam
550 447 689 488 generis
712 445 946 491 splendorem
970 450 1134 490 spectare
1159 444 1295 479 debuit.
1332 445 1459 489 Neque

124 494 161 526 id
186 492 331 536 quidem
347 515 357 532 ,
383 496 421 522 ut
452 491 673 534 wielandius
697 493 898 524 acutissime
925 491 1112 533 observat,
1136 500 1158 522 a
1180 490 1379 523 rationibus
1403 491 1458 524 rei

122 539 293 583 publicae
321 545 515 570 conversae
542 542 577 569 et
602 537 800 570 secundum
814 537 1034 570 Maecenatis
1058 536 1282 580 potissimum
1308 537 1460 568 consilia

122 585 168 619 ab
202 583 360 626 Augusto
392 587 612 625 temperatae
639 588 715 614 erat
743 583 921 623 alienum,
958 582 994 613 in
1019 591 1089 624 qua
1123 581 1298 614 cumiani
1321 592 1461 614 summa

123 639 244 661 rerum
269 628 370 659 unius
397 638 473 659 esse
498 628 689 671 coepisset,
715 638 861 660 necesse
887 625 1158 671 quodammodo
1183 631 1284 667 erat,
1308 637 1381 670 quo
1406 626 1460 658 sa-

124 675 227 707 cilius
252 673 429 705 nobilium
455 672 669 704 familiarum
694 673 863 717 superbia
888 678 925 705 et
949 672 1144 705 auctoritas
1178 671 1461 712 imminueretur,

125 725 165 752 ut
188 719 323 762 ubique
351 729 432 750 cum
456 719 491 749 in
517 717 607 750 vitae
642 729 729 759 usu,
764 724 839 750 tum
864 718 899 750 in
923 727 963 750 re
987 717 1135 761 publica
1171 715 1460 758 administranda,

124 766 168 798 ab
186 765 226 796 iis
243 765 302 807 qui
319 763 498 795 civitatem
513 769 692 806 regerent,
718 774 793 795 non
818 774 862 795 ex
883 763 1023 807 generis
1045 761 1236 794 nobilitate
1263 767 1299 794 et
1326 759 1461 795 decore

126 810 332 852 imaginum,
358 807 423 840 sed
449 819 491 840 ex
517 820 582 841 sua
608 810 718 854 ipsius
739 809 867 841 virtute
895 814 932 842 et
956 807 1089 852 ingenii
1111 808 1332 852 praestantia
1354 817 1464 839 unus-

125 856 275 900 quisque
301 858 529 887 tractaretur.

121 1033 240 1090 Non,
264 1038 384 1094 quia,
410 1039 652 1089 Maecenas,
680 1039 898 1092 Lydorum
927 1037 1133 1094 quidquid
1159 1038 1364 1079 Etruscos

122 1094 301 1133 Incoluit
329 1091 458 1141 fines,
484 1105 608 1130 nemo
645 1092 896 1146 generosior
924 1101 988 1132 est
1019 1101 1088 1143 te,

124 1149 237 1196 Nec,
270 1145 386 1200 quod
416 1158 517 1183 avus
545 1144 622 1183 tibi
651 1153 864 1184 maternus
893 1144 975 1184 fuit
1004 1154 1131 1200 atque
1156 1153 1382 1198 paternus,

122 1199 240 1240 Olim
270 1198 342 1253 qui
369 1197 528 1250 magnis
558 1197 796 1250 legionibus
826 1198 1140 1249 imperitarent,

123 1254 180 1292 Ut
207 1251 403 1306 plerique
432 1251 592 1298 solent,
622 1264 722 1289 naso
753 1250 972 1303 suspendis
1003 1250 1167 1289 adunco
1435 1248 1462 1292 5

122 1307 320 1354 Iunctos,
348 1312 396 1342 ut
422 1316 490 1342 me
517 1301 716 1342 libertino
746 1311 870 1356 patre
897 1311 1052 1342 natum.

171 1373 272 1397 uum
297 1357 466 1405 referre
495 1369 647 1409 negas,
679 1356 792 1411 quali
820 1355 873 1394 sit
901 1356 1080 1411 quisque
1107 1363 1285 1409 parente

123 1414 277 1461 Natus,
307 1410 407 1448 dum
434 1410 661 1463 ingenuus:
688 1408 920 1462 persuades
948 1409 1031 1448 hoc
1060 1408 1138 1448 tibi
1175 1422 1304 1460 vere,

123 1466 236 1505 Ante
263 1470 519 1517 potestatem
547 1463 660 1501 Tulli
689 1471 814 1517 atque
842 1462 1028 1516 ignobile
1055 1474 1236 1516 regnum

126 1519 284 1557 Multos
312 1529 438 1568 saepe
467 1515 582 1554 viros
617 1516 739 1554 nullis
767 1515 994 1554 maioribus
1026 1523 1143 1554 ortos
1417 1528 1464 1556 ιο

124 1571 182 1611 Et
210 1570 362 1610 vixisse
390 1567 576 1621 probos,
607 1569 751 1622 amplis
784 1568 839 1607 et*
857 1567 1085 1607 honoribus
1118 1574 1286 1618 auctos;
1327 1575 1331 1578 “

129 1625 287 1664 Contra
315 1622 568 1671 Laevinum,
597 1622 744 1662 Valeri
773 1635 931 1675 genus,
957 1622 1070 1661 unde
1099 1619 1318 1674 Superbus

126 1676 377 1731 Tarquinius
407 1688 540 1727 regno
570 1675 714 1727 pulsus
745 1675 879 1729 fugit,
907 1675 1028 1714 unius
1059 1675 1160 1713 assis

124 1732 219 1769 Non
244 1742 426 1784 unquam
454 1727 592 1780 pretio
622 1728 753 1780 pluris
782 1729 972 1778 licuisse,
998 1735 1170 1767 notante

126 1783 291 1834 Iudice,
321 1795 404 1837 quo
433 1780 565 1830 nosti,
592 1782 776 1834 populo,
818 1781 889 1836 qui
918 1782 1069 1821 stultus
1095 1780 1282 1819 honores
1418 1779 1466 1821 15

128 1836 265 1890 Saepe
295 1835 366 1875 (lat
392 1833 596 1887 indigniS,
626 1842 669 1874 et
700 1834 837 1875 famae
867 1834 1000 1875 servit
1034 1834 1225 1888 ineptus,
1283 1851 1285 1853 >

199 1991 325 2032 V1,1v.
350 1989 382 2033 4.
404 1974 606 2032 νεςιόηἰῦιις
632 2000 675 2023 ex
699 2000 772 2021 uno
798 1999 863 2021 suo
887 1989 978 2023 Cod.
1005 1989 1059 2022 Cf.
1084 1988 1210 2021 Heind.
1227 1986 1341 2021 Both.
1367 1987 1464 2020 Iahn.

127 2054 174 2062 ——
196 2037 435 2080 imperitarent
459 2036 560 2066 multi
588 2035 705 2067 Codd.
730 2035 801 2067 Alii
828 2035 945 2067 Codd.
974 2041 1010 2069 et
1027 2033 1119 2066 Edd.
1142 2034 1387 2078 imperitarint,
1409 2033 1464 2065 vel

127 2082 386 2125 imperitarunt.
414 2079 495 2111 Vid.
519 2079 633 2111 Benll.
662 2080 787 2112 Heind.
815 2079 916 2118 Both.
942 2080 1127 2112 Annotatt.
1151 2097 1197 2103 —
1229 2090 1266 2110 v.
1296 2079 1345 2110 ¹3.
1369 2076 1467 2120 fitgit

131 2125 246 2158 Bentl.
273 2138 291 2158 e
317 2125 434 2158 multis
460 2124 577 2156 Codd.
608 2126 803 2157 revocavit.
825 2124 929 2167 Vulg.
950 2123 1054 2169 fuit,
1082 2123 1180 2167 quod
1204 2127 1324 2155 tuetur
1339 2122 1465 2164 Heind.

132 2170 186 2202 Cf.
213 2171 313 2203 Both.
340 2171 521 2202 Annotatt.
547 2188 592 2193 —
615 2182 651 2201 v.
674 2172 724 2203 15.
751 2181 823 2215 qno
849 2170 962 2202 Bentl.
989 2180 1007 2202 e
1025 2169 1142 2201 Codd.
1165 2174 1200 2200 et
1226 2168 1466 2199 vetustissimis

131 2215 222 2247 Edd.
240 2228 345 2259 quem
361 2214 442 2247 vid.
458 2214 545 2247 coll.
561 2214 688 2247 Heind.
707 2226 810 2261 quem
831 2215 1027 2259 pleraeque
1041 2213 1133 2246 Edd.
1157 2212 1240 2246 inde
1261 2212 1306 2245 ab
1321 2212 1451 2245 Aldin.·
