1526 2404
151 42 168 51 η

102 152 156 195 44
552 156 593 196 ρ.
623 153 807 183 nomm
834 152 992 181 ruem

101 253 286 301 Mutare,
315 257 358 290 et
384 250 588 304 insignem
616 255 803 288 attenuat
829 247 969 297 Deus,

103 304 298 346 Obscura
324 317 536 357 promens.
588 301 697 342 Hinc
725 301 888 354 apicem
914 314 1044 356 rapax

159 358 350 397 Fortuna
378 370 472 396 cum
500 355 684 396 stridore
713 362 835 394 acuto
1390 352 1442 405 15¹

208 409 407 462 Sustulit,
437 409 506 449 hic
532 408 726 463 posuisse
752 406 921 463 gaudet.

566 611 756 651 Cmmzn
777 609 958 651 XXXV.

422 701 461 742 A
489 701 529 740 D
588 700 623 739 F
653 698 694 740 Ο
725 700 765 738 R
793 700 830 738 T
858 699 896 739 U
918 699 955 738 N
981 697 1021 738 A
1047 698 1103 737 M.

165 791 318 834 Hymnus
342 792 378 825 in
401 791 596 823 Fortunam
618 790 750 832 Deam,
782 800 855 834 quo
879 789 986 823 simul
1017 792 1060 823 ut
1084 784 1276 820 Gaesarem
1314 791 1435 819 servet

105 837 139 869 in
164 836 389 870 Bffitanniam
414 838 544 869 iturum
566 842 748 881 precatur.

589 918 744 951 Aletrum
769 917 885 950 Carm.
907 928 943 961 9.

100 997 141 1039 Ο
170 997 302 1048 Diva,
330 1006 496 1052 gratum
524 1011 631 1053 quae
659 997 772 1051 regis
801 998 995 1049 Antium,

99 1052 306 1091 Praesens
336 1052 406 1091 vel
434 1051 517 1090 imo
547 1051 700 1090 tollere
731 1051 784 1091 de
814 1050 949 1104 gradu

154 1105 334 1144 Mortale
359 1118 434 1144 cor
465 1119 537 1154 us,
570 1104 636 1143 vel
664 1104 871 1156 superbos

205 1158 389 1198 Vertere
440 1157 637 1196 uneribus
668 1157 924 1211 triumphos:

101 1234 164 1272 Te
191 1246 355 1286 pauper
384 1230 511 1270 ambit
539 1229 715 1269 sollicita
742 1243 874 1283 prece
1409 1226 1435 1265 5

100 1287 228 1326 Ruris
257 1285 456 1334 colonu53
485 1292 528 1323 te
557 1283 765 1322 dominam
795 1281 1013 1338 aequoris,

156 1340 410 1400 Quicunque
436 1336 615 1388 Bithyna
642 1336 809 1376 lacessit

210 1386 480 1445 Carpathium
507 1390 683 1444 pelagus
713 1390 862 1429 carina.

100 1468 164 1506 Te
193 1468 334 1506 Dacus
362 1481 506 1520 asper,
535 1475 578 1506 te
606 1465 799 1520 profugit
828 1465 1029 1518 Scythae,

100 1520 345 1575 Urbesque‚
374 1528 629 1574 gentesque,
660 1527 702 1558 et
729 1519 894 1558 Latium
923 1517 1072 1568 ferox,
1387 1528 1435 1554 ιο

151 1575 406 1628 Regumque
435 1581 589 1612 matres
616 1572 915 1622 barbarorum,
947 1579 990 1610 et

209 1627 421 1681 Purpurei
447 1634 640 1666 metuunt
665 1626 847 1678 tyranni,

100 1701 306 1741 Iniurioso
332 1715 385 1741 ne
413 1702 525 1755 pede
553 1716 730 1755 proruas

101 1756 287 1795 Stantem
314 1755 571 1804 columnam,
599 1768 683 1794 neu
709 1755 891 1808 populus
920 1754 1123 1810 frequens

154 1808 221 1848 Ad
242 1822 356 1847 arma
387 1817 623 1857 cessantes,
653 1808 703 1846 ad
733 1822 846 1847 arma
1384 1803 1432 1844 ¹5

207 1861 422 1913 Concitet,
456 1861 764 1916 imperiumque
793 1861 971 1918 frangat.

166 2035 333 2078 XXXIV,
358 2048 395 2070 v.
415 2039 466 2071 13.
492 2038 627 2082 insigne
648 2036 769 2069 Bentl.
796 2048 815 2070 e
841 2035 994 2071 Codice.

167 2096 315 2138 XXXV,
339 2108 374 2129 v.
385 2098 419 2130 6.
445 2098 482 2129 F.
498 2097 538 2129 A.
563 2097 715 2131 wolfius
738 2103 819 2142 post
845 2099 938 2131 rur-is
954 2101 1130 2131 commate
1146 2095 1347 2139 interpungi
1374 2095 1426 2126 iu-

100 2143 183 2183 bet,
210 2147 249 2174 ut
270 2140 445 2175 dominam
471 2145 576 2176 etiam
602 2143 647 2177 ad
671 2143 764 2176 hunc
789 2145 980 2186 genitivum
1004 2143 1194 2188 pertineat.
1212 2139 1293 2174 Vid.
1315 2138 1425 2172 both.

99 2187 283 2221 Annotatt.
309 2192 346 2220 et
367 2187 465 2221 Iahn.
