1526 2404
118 162 169 205 62
563 170 603 212 q.
631 170 816 198 nonam
843 169 1000 198 nacci

116 269 250 311 serint,
282 267 371 301 haec
402 267 520 301 omnia
562 266 854 301 hariolationihus
888 266 1053 312 quidem,
1089 268 1216 312 quibus
1250 270 1442 305 Wielandii

116 314 399 348 introductiones
436 312 616 346 abundant
629 337 640 355 ‚
661 314 783 346 locum
815 313 919 355 dare,
942 323 1058 357 neque
1074 322 1158 347 vero
1180 315 1260 347 ullis
1281 316 1444 349 certiori·

114 361 182 394 bus
201 359 396 392 rationibus
421 358 608 392 diiudicari
635 364 794 403 possunt.
829 359 914 393 Post
931 358 1132 402 longiorem
1162 359 1269 403 igitur
1290 355 1446 395 interca-v

115 405 283 451 pedinem
307 403 364 437 hic
386 415 502 438 sermo
528 415 548 436 a
568 410 675 448 poeta
698 409 820 436 nostro
845 404 959 437 editus
987 409 1036 436 est
1051 427 1061 446 ‚
1078 404 1147 448 qui
1172 415 1252 438 cum
1275 406 1444 450 Epistolis‘

115 451 198 484 libri
224 449 370 482 secundi
389 451 501 482 multo
518 455 603 494 post
623 455 656 482 et
677 450 747 481 alio
768 449 936 482 orationis
960 456 1088 492 genere
1105 451 1335 495 conscriptis,
1354 452 1446 485 inter

114 496 318 538 longissima
343 495 535 539 eademque
558 495 811 539 perfectissima
834 495 908 527 eius
938 494 1092 526 carmina
1121 496 1359 529 numerandus
1381 503 1443 530 est.

114 542 229 574 Etiam
254 539 355 572 huius
381 537 515 573 Satirae
540 545 578 572 ut
603 541 835 584 plurimarum
858 539 1004 572 secundi
1038 539 1121 572 libri
1151 551 1259 583 genus
1286 547 1339 574 est
1361 542 1444 574 dra-

113 587 292 619 maticum.
319 586 544 629 Colloquium
567 586 660 618 enim
681 586 840 627 continet
859 589 988 630 poetae
1010 596 1092 618 cum
1113 585 1349 631 Damasipp05
1369 599 1443 620 ma-

114 633 206 666 xime
230 630 383 664 ridiculo
409 631 481 663 eius
505 632 626 663 aetatis
652 630 816 672 homine,
852 631 912 674 qui
942 641 1023 663 cum
1053 641 1119 676 per
1148 637 1344 665 mercatum
1368 644 1445 666 rem

114 677 323 710 familiarem
345 677 614 718 consumsisset,
641 675 727 708 nihil
752 677 821 708 iam
845 675 942 709 aliud
967 682 1107 719 ageret,
1133 687 1238 720 quam
1259 682 1300 716 ut
1323 677 1445 713 Stoica

113 722 226 755 barba
261 727 294 754 et
327 722 437 765 pallio
470 722 676 766 superbiens
711 722 1010 754 circumforaneus
1045 720 1276 766 philosophus
1310 722 1444 767 ubique

114 773 230 800 sectae
254 777 337 799 suae
362 766 550 809 formulas,
577 778 597 799 a
622 767 790 799 Stertinio
815 767 1018 810 importuno
1045 767 1221 810 aretalago
1243 767 1310 800 sibi
1330 768 1443 801 tradi-

113 818 186 855 tas,
209 812 424 845 decantaret.
449 813 548 846 Hunc
575 813 681 855 igitur
702 811 955 856 Damasippum
980 811 1116 844 inducit
1139 818 1247 856 poeta
1269 813 1307 845 in
1327 814 1445 846 villam

113 869 211 891 suam
237 857 402 889 Sabinam
438 858 631 891 irruentem
669 862 703 890 et
727 857 951 890 acerbissima
984 856 1047 890 sud
1070 857 1125 891 vel
1144 858 1264 901 potius
1286 858 1444 892 Stertinii

113 904 274 937 oratione
294 908 408 934 totum
427 912 534 946 genus
555 903 758 943 humanum,
780 902 907 935 Stoicis
930 902 1146 946 sapientibus
1171 904 1337 948 exceptis,
1355 905 1443 937 Stul-

111 949 209 982 titiae
235 953 338 991 atque
364 948 453 981 adeo
478 960 519 982 ev
539 949 678 981 Stoicae
703 947 949 992 philosophiae
966 947 1182 989 rationibus,
1206 949 1362 982 insaniae
1387 959 1443 981 ar-

112 1000 288 1038 guentem.
316 993 431 1036 Quam
452 994 578 1027 callide
604 999 709 1037 poeta
729 993 798 1026 hoc
821 998 1023 1026 commento
1044 1003 1126 1025 usus
1141 994 1203 1035 sit,
1227 1005 1331 1038 quam
1353 995 1444 1027 salse

113 1040 252 1072 Stoicus
279 1045 486 1082 personatus
511 1040 650 1071 Stoicos
675 1039 791 1083 ipsos,
815 1044 891 1070 tum
918 1038 1022 1070 etiam
1046 1039 1136 1071 cives
1158 1036 1262 1080 suos,
1290 1039 1443 1083 denique

111 1096 149 1117 se
174 1085 288 1128 ipsum
315 1083 495 1125 derideat,
533 1095 637 1128 quam
670 1084 819 1116 mirifico
852 1083 1000 1116 artificio
1026 1084 1217 1127 sapientiae
1249 1084 1444 1116 ludibrium

113 1135 152 1166 et
174 1129 263 1162 seria
291 1128 374 1160 ludo
395 1128 589 1170 miscuerit,
616 1129 703 1161 haec
726 1130 844 1161 omnia
862 1129 989 1162 lectori
1010 1129 1216 1171 intelligenti
1235 1141 1298 1162 sua
1317 1135 1443 1173 sponte

111 1173 359 1219 perspicienda
380 1175 580 1216 relinquere
594 1197 604 1216 ,
636 1184 741 1217 quam
751 1173 1005 1217 'disputatione
1037 1178 1158 1206 nostra
1176 1185 1442 1218 praeoccupare

111 1219 310 1254 maluimus.
359 1217 546 1262 Heindorfl

593 1367 960 1423 Damasippus.

111 1442 190 1483 Sic·
210 1453 309 1481 raro
340 1437 511 1488 scribis,
538 1446 586 1478 ut
613 1447 706 1478 toto
735 1452 820 1478 non
849 1449 999 1495 quater
1028 1452 1134 1479 anno

110 1495 396 1536 Membranam
423 1505 595 1545 poscas,
626 1492 879 1545 scriptorum
907 1506 1101 1548 quaeque
1126 1500 1350 1546 retexens,

110 1551 244 1589 Iratus
270 1547 367 1597 tihi,
401 1545 517 1599 quod
547 1546 632 1585 vini
659 1545 877 1599 somnique
905 1547 1110 1600 benignus

110 1603 178 1642 Nil
209 1602 380 1655 dignum
409 1612 603 1638 sermone
631 1613 762 1639 canas.
795 1599 910 1655 Quid
938 1599 1041 1639 fiet?
1069 1599 1134 1648 At,
1153 1599 1253 1655 ipsis

113 1653 399 1696 Saturnalibus
427 1653 510 1691 huc
539 1653 698 1706 fugisti.
729 1652 904 1692 sobi-ius
935 1667 1039 1707 ergo
1391 1653 1439 1695 ,5

110 1710 192 1750 Dic
222 1706 379 1762 aliquid
408 1706 579 1759 dignum
608 1706 1040 1760 promissisztincipe..
1066 1707 1133 1746 Nil
1163 1715 1238 1747 est.

114 1763 346 1815 Culpantur
374 1759 533 1799 frustra
562 1760 730 1810 calami,
758 1760 1077 1815 immeritusque
1106 1760 1271 1800 laborat

110 1817 231 1855 Iratis
260 1823 378 1854 natus
406 1813 544 1866 paries
576 1815 653 1852 Dis
687 1822 812 1868 atque
840 1814 992 1866 poetis.

111 1868 244 1924 Atqui
274 1867 412 1908 vultus
444 1875 534 1906 erat
563 1868 693 1906 multa
723 1875 767 1906 et
792 1867 1010 1920 praeclara
1037 1867 1252 1919 minantis,

113 1923 158 1962 Si
188 1935 364 1962 vacuum
392 1921 537 1973 tepido
569 1921 750 1974 cepisset
779 1921 922 1959 villula
949 1928 1077 1960 tecto.
1388 1932 1435 1959 ιο

115 1976 333 2036 Quorsum
359 1974 562 2027 pertinuit
586 1975 742 2028 stipare
762 1974 938 2013 Platona
965 1971 1226 2014 Menandro?

178 2108 248 2150 ΙΙΙ,
274 2121 303 2140 v.
327 2118 355 2140 1.
382 2107 493 2140 Bentl.
520 2120 538 2142 e
564 2109 678 2141 Codd.
702 2108 840 2141 Siraro
862 2106 999 2147 scribis,
1026 2115 1067 2140 ut
1087 2130 1116 2139 ..
1131 2130 1139 2138 .
1154 2130 1162 2138 .
1189 2115 1323 2138 canas:
1346 2103 1438 2151 quid

102 2152 204 2200 fiet?
227 2154 279 2186 Cf.
306 2152 429 2186 Hcind.
458 2153 515 2186 Sic
537 2166 620 2191 raro
637 2154 762 2186 scribes
788 2153 886 2186 Both.
912 2165 930 2186 e
955 2152 1069 2186 Codd.
1098 2151 1199 2184 metri
1222 2161 1336 2183 causa.
1363 2150 1432 2183 Sed

113 2198 193 2231 Vid.
227 2198 323 2231 Iahn.
361 2216 406 2223 -—
440 2211 470 2230 v.
498 2198 529 2241 4.
560 2199 603 2231 ab
632 2200 714 2243 ipsis
747 2199 821 2232 sere
860 2198 972 2230 Codd.
998 2197 1094 2241 quod
1129 2202 1271 2230 tuentur
1294 2197 1364 2230 Fea
1397 2201 1433 2229 et

111 2243 208 2277 Iahn.
233 2253 274 2278 at
292 2243 375 2290 ipsis
399 2243 510 2279 BentL
538 2255 557 2277 e
583 2244 698 2277 Codd.
721 2245 857 2288 aliquot
883 2248 917 2277 et
935 2243 1024 2277 Edd.
1049 2247 1131 2277 vett.
1424 2261 1429 2265 »

1476 1709 1492 1757 'tur

1509 1721 1518 1728 ι
