1526 2404
136 170 193 220 ,84
592 181 631 223 Q·
660 174 843 207 nonam
871 179 1029 209 rucei

192 273 341 316 Missos
372 273 424 313 ai]
458 273 647 325 Orcum3
674 288 752 314 nec
780 274 949 328 peredit
1420 275 1474 326 75

247 328 488 381 Impositam
511 328 628 368 celer
654 328 760 383 ignis
789 328 993 379 Aetnam3

143 395 439 435 Incontinentis
473 409 552 435 nec
579 396 690 439 Titvi
717 397 837 437 iecur

142 449 360 503 Relinquit
388 449 496 499 ales,
525 443 735 504 nequitiae
768 449 932 489 additus

197 504 373 554 Custos3
405 511 634 543 amatorem
661 511 878 544 trecentae

248 555 488 597 Pirithoum
514 557 712 598 cohibent
743 566 927 598 catenae.
1424 557 1477 596 80

679 699 867 738 CAmvnm
896 696 949 740 V.

369 786 425 825 IN
452 785 692 843 LAUDEM
721 782 970 826 CAESARIS
996 781 1254 825 AUGUSTI.

214 875 352 909 Laudat
378 876 574 921 Augustum
599 887 618 909 a
643 878 744 911 victis
770 886 836 920 per
860 886 941 908 cum
963 874 1138 908 Britannis
1166 880 1203 908 et
1222 873 1382 917 Parthis,
1410 876 1479 919 „qui

148 922 292 963 quidem
318 934 399 955 cum
431 934 526 956 nunc
562 924 703 955 demum
736 923 896 965 captivos
920 921 1098 953 Romanos
1132 926 1170 953 et
1191 922 1290 964 signa
1311 921 1480 954 militaria

148 967 400 1010 reddidissent,
424 970 579 1011 ignaviae
607 970 755 1001 istorum
778 968 930 999 militum
955 965 1225 1000 Crassianorum
1246 972 1284 1003 et
1307 966 1478 1000 Antonia·

148 1022 278 1045 norum
302 1014 529 1058 praeclarum
552 1015 677 1058 Reguli
700 1014 835 1047 facinus
861 1012 1028 1057 opponit.

619 1105 774 1137 hicn-um
801 1102 993 1157 Alcaicum.

154 1185 287 1225 Coelo
318 1193 534 1224 tonantem
563 1184 819 1224 credidimus
847 1182 994 1221 Iovem

152 1239 373 1292 Regnare3
401 1252 601 1291 praesens
634 1237 767 1276 Divus
792 1234 1016 1275 habebitur

206 1292 446 1346 Augustu8‚
478 1291 651 1331 adiectis
677 1288 893 1329 Britannis'
1040 1290 1042 1295 ’

260 1345 442 1399 Imperio
456 1376 467 1397 ‚
501 1344 785 1400 gravibusque
812 1341 967 1382 Persis.

155 1421 331 1462 Milesne
361 1420 499 1460 Crassi
526 1420 649 1460 coniu
682 1434 705 1460 e
732 1419 911 1459 barbara
1462 1419 1489 1459 5

158 1475 311 1529 Turpis
336 1475 508 1514 maritus
539 1474 661 1515 vixit.
698 1482 741 1513 et
767 1472 951 1512 hostium

210 1529 316 1582 (Pro
346 1529 494 1579 Curia,
522 1527 765 1582 inversique
791 1539 931 1566 mores
942 1523 974 1575 !)

265 1582 494 1622 Consenuit
520 1595 767 1621 socerorum
794 1580 834 1619 in
866 1578 1014 1629 armis,

161 1659 249 1699 Sub
277 1672 382 1713 rege
408 1657 557 1707 Medo,
586 1658 747 1695 Marsus
784 1663 827 1695 et
853 1652 1071 1708 Appulus,

161 1713 422 1753 Anciliorum
451 1719 493 1750 et
519 1711 693 1750 nominis
724 1717 767 1749 et
793 1714 921 1763 togae
1444 1720 1490 1746 ιο

215 1767 410 1813 Oblitus,
441 1773 722 1818 aeternaeque
753 1764 931 1810 Vestae,

269 1817 470 1858 Incolumi
497 1819 598 1858 Iove
628 1826 671 1856 et
697 1815 804 1855 urbe
832 1814 999 1854 Roma?

163 1887 260 1926 Hoc
287 1894 456 1926 caverat
482 1900 599 1926 mens
627 1885 806 1938 provida
831 1882 1012 1938 Reguli,

164 1940 456 1980 Dissentientis
486 1937 792 1980 conditionibus

230 2114 267 2137 v.
285 2103 340 2147 76.
365 2106 496 2136 Aetnen
518 2100 583 2133 Ed·
607 2101 698 2134 Jani.

199 2201 204 2204 .
234 2162 280 2204 V,
301 2173 336 2195 v.
357 2163 391 2197 8.
429 2162 535 2195 armis
560 2169 681 2194 omnes
707 2160 825 2195 Codd.
850 2165 994 2206 praeter
1022 2168 1132 2193 unum
1153 2157 1254 2197 Iani,
1289 2157 1350 2202 qui
1380 2155 1492 2190 hahet

170 2209 262 2241 arvis
275 2231 286 2247 ‚
322 2209 356 2240 in
387 2208 483 2252 quod
507 2207 574 2239 iam
600 2212 703 2240 antea
727 2210 929 2252 suspicione
955 2206 1154 2240 inciderant
1177 2204 1351 2248 Tanaquil
1374 2202 1491 2235 Faber

167 2259 206 2293 pt
231 2254 308 2286 Nic.
331 2254 445 2286 Heius.
471 2264 490 2286 a
513 2254 698 2295 Bentleio‚
723 2254 799 2286 aliis
823 2259 1021 2298 receptum.
1081 2251 1090 2257 ’
