1526 2404
105 130 158 177 54
550 145 588 184 Q·
620 145 803 171 uotum
835 145 987 172 FLAcci

108 235 247 275 Crede
274 250 358 276 non
386 237 499 276 illam
525 238 600 278 tibi
630 237 684 278 de
712 240 892 278 scelesta

106 289 238 329 Plebe
268 289 486 341 dilectam3
516 305 654 346 neque
683 292 741 331 sie
772 290 965 344 fidelem,

107 342 176 382 Sic
203 342 323 383 lucro
353 357 539 383 aven-sam
568 345 758 397 potuisse
782 346 933 386 nasci*

370 399 504 436 Matre
532 397 741 451 pudenda.
1241 405 1243 407 ’
1384 411 1435 438 20

105 473 287 512 Brachia
316 482 359 512 et
386 474 548 514 vultum
576 481 819 529 teretesque
846 487 965 515 suras

105 528 273 579 Integer
301 526 449 567 laudo:
479 527 582 581 fuge
611 528 836 589 suspicari,

107 580 234 620 Cuius
264 588 460 620 octavum
487 581 714 634 trepidavit
745 590 857 621 aetas

372 634 581 675 Claudere
608 635 800 674 lustrum.

636 762 824 804 CARMEN
852 762 905 805 V.

171 941 225 975 Ab
251 951 373 974 amore
398 943 537 985 virginis
562 944 792 986 immaturae,
827 956 932 988 quam
955 944 1112 987 Lalagen
1136 949 1266 984 vocat,
1301 941 1435 976 dehor-

104 993 200 1019 tatur
224 988 278 1020 vel
304 987 501 1020 amicorum
524 990 749 1033 quempiam,
783 991 839 1023 vel
873 989 937 1035 (ut
963 990 1111 1035 quidam
1133 987 1373 1034 suspicantur)
1397 999 1436 1021 se

104 1045 230 1077 Ipsum·

582 1094 736 1127 Meet-um
762 1095 951 1128 Alcaicum.

103 1172 299 1212 Nondum
327 1172 499 1212 subacta
521 1173 641 1213 ferre
669 1179 815 1227 iugum
844 1176 958 1214 valet

105 1226 305 1275 cervice,
335 1227 519 1266 nondum
547 1226 687 1266 munia
716 1228 923 1280 comparis

158 1281 379 1334 Aequine,
406 1281 485 1319 nec
512 1280 623 1318 tauri
650 1280 809 1319 ruentis

209 1334 254 1372 In
282 1347 485 1373 venerem
512 1333 699 1372 tolerare
724 1334 902 1387 pondus.

105 1407 228 1446 Circa
255 1408 532 1456 vire11tes2est
560 1409 716 1448 animus
746 1417 843 1448 tuae
1409 1408 1435 1448 5

105 1463 285 1513 Campos
307 1461 532 1511 iuvencae,
567 1476 676 1502 nunc
705 1448 842 1502 fluviis
869 1471 1056 1516 gravem-

157 1514 336 1554 Solantis
365 1524 547 1565 aestum,
577 1529 687 1556 nunc
714 1517 755 1555 in
781 1516 867 1555 udo

213 1569 384 1608 Ludere
414 1582 509 1608 cum
538 1568 678 1609 vitulis
707 1570 852 1609 salicto

102 1644 445 1697 Praegestientis.
493 1644 616 1683 Tolle
647 1643 884 1696 cupidinem

102 1697 272 1736 Immitis
301 1712 430 1737 uvae:
459 1698 539 1736 iam
567 1697 643 1736 tibi
670 1697 822 1736 lividos
1386 1709 1433 1737 ιο

156 1751 399 1804 Distinguet
426 1754 685 1791 Auctumnus
712 1764 903 1790 racemos

210 1805 436 1858 Purpureo
467 1805 606 1845 varius
636 1804 794 1844 colore.

169 1966 205 1987 v.
230 1956 280 1988 18.
315 1954 473 1988 dilectam
499 1966 619 1987 omnes
646 1955 720 1988 scre
747 1955 862 1989 Codd.
885 1956 1051 1991 delectam
1076 1957 1149 1990 duo
1173 1956 1290 1998 Codd.
1318 1953 1431 1990 Vand.

107 2004 143 2032 et
168 2001 308 2043 aliquot
332 2002 420 2033 Edd.
447 2001 500 2032 Cf.
526 2001 639 2032 ssentl.
1308 2018 1315 2022 -

173 2045 217 2086 V,
244 2058 278 2078 v.
300 2048 332 2079 5.
363 2047 523 2078 Vener-em
550 2047 672 2079 maiori
698 2048 801 2079 litera
827 2049 950 2080 initiali
975 2048 1150 2092 plurimae
1171 2047 1261 2080 Edd.
1289 2048 1359 2079 Scd
1386 2045 1431 2080 V.

105 2090 207 2123 Both.
234 2091 418 2124 Annotatt.
450 2109 496 2115 —
529 2103 564 2123 υ.
593 2102 642 2123 12.
684 2093 891 2137 Purpureus
925 2095 1020 2127 vario
1061 2093 1175 2125 Cudd.
1203 2093 1348 2136 qnidam
1374 2104 1432 2137 ap.

104 2136 266 2169 Lambin.
303 2142 339 2168 ct
369 2149 454 2168 unus
488 2135 602 2171 Vand.
638 2137 823 2182 Purpureo
858 2139 972 2171 varios
1007 2139 1174 2174 coniecit.
1200 2139 1314 2172 Bentl.
1360 2137 1432 2171 Sed

107 2182 272 2215 conseres
295 2182 475 2226 Docringii
500 2183 779 2230 explicationem
802 2182 838 2219 h.
851 2184 877 2219 1.
