1526 2404
88 147 140 196 64
533 158 572 196 ρ.
601 157 783 182 uonA'ru
813 154 968 182 nacci

132 267 229 294 uam
256 266 391 307 paene
420 251 570 291 furvae
595 262 727 304 regna
752 247 1059 302 Proserpinae,

86 311 145 349 Et
169 307 420 346 iudicantem
448 304 626 344 vidimus
653 304 861 352 Aeacum,

140 361 359 414 Sedesque
381 358 583 397 discretas
627 356 816 410 piorum,
847 362 890 396 et

193 413 351 453 Aeoliis
379 411 531 450 fidibus
561 418 810 466 querentem

91 490 261 545 Sappho
290 487 442 543 puellis
473 488 526 527 de
564 484 862 541 popularibus;
1372 483 1423 523 25

88 543 146 585 Et
173 553 217 583 te
250 550 467 582 sonantem
497 541 662 595 plenius
691 551 846 588 aureo,

142 598 322 646 Alcaeo,
346 596 512 660 plectro
542 594 646 632 dura
673 592 811 641 navis,

194 652 315 690 Dura
342 650 472 703 fugae
492 648 621 698 mala,
642 646 747 685 dura
775 644 890 684 belli.

87 729 330 782 Utrumque
361 738 480 765 sacro
510 725 633 786 (ligna
660 722 824 762 silentio

88 782 293 822 Mirantur
321 778 505 818 Umbrae
527 778 691 818 (llcerez
714 775 788 815 sed
817 772 948 831 magis
1372 773 1425 814 3ο

145 837 313 888 Pugnas
343 841 386 872 et
415 840 583 872 exactos
620 840 816 883 tyrannos

196 889 392 927 Densum
418 885 605 925 humeris
632 883 738 924 bibit
767 895 870 922 aure
897 881 1062 937 vulgus-

140 963 214 1003 uid
239 961 422 1001 mirum?
451 962 523 1002 uhi
548 962 630 1001 illis
659 958 908 1000 carminibus
935 968 1107 1014 stupens

90 1017 286 1058 Demittit
313 1024 421 1054 atras
449 1016 590 1055 bellua
629 1014 843 1067 centiceps

142 1071 304 1119 Aures,
334 1077 376 1108 et
401 1067 547 1108 intorti
577 1067 735 1120 capillis
1244 1068 1247 1070 ’
1374 1061 1428 1102 35

203 1122 486 1161 Eumenidum
510 1128 757 1164 recreantur
784 1132 963 1172 angues;

103 1200 216 1262 Quin
244 1207 287 1239 et
315 1197 597 1239 Prometheus
628 1205 670 1236 et
695 1195 867 1249 Pelopis
894 1204 1046 1247 parens

93 1253 222 1295 Dulci
248 1252 441 1292 laborum
470 1250 678 1304 decipitur
700 1262 829 1299 sono,

146 1308 237 1347 Nec
266 1313 386 1345 curat
416 1304 552 1344 Orion
578 1304 723 1342 leones

200 1359 287 1399 Aut
313 1358 480 1399 timidos
503 1357 661 1412 agitare
688 1357 840 1410 lyncas.
1374 1354 1427 1397 4ο

505 1528 510 1531 ,
597 1484 785 1524 CARMEN
812 1481 924 1522 XIV.

510 1574 598 1614 AD
626 1575 661 1613 P
675 1573 714 1613 Ο
728 1570 1014 1611 STUMUM.

142 1675 260 1710 Deflet
278 1674 449 1707 humanae
475 1674 567 1707 vitae
592 1672 807 1706 brevitatem
832 1675 868 1703 et
892 1670 1090 1708 Postumo,
1115 1678 1155 1700 re
1180 1666 1365 1712 familiari,
1390 1674 1430 1704 ut

99 1720 262 1763 videtur,
285 1722 387 1754 nimis
413 1725 554 1755 attento
570 1743 580 1760 .,
605 1716 754 1759 suadet,
778 1722 818 1750 ut
844 1716 933 1757 sibi,
958 1725 1032 1747 non
1055 1711 1179 1747 heredi
1202 1713 1313 1750 vivat.

567 1800 721 1832 Metram
756 1798 946 1832 Alcaicum.

1089 1835 1109 1845 ᾳ

101 1885 199 1923 Heu
227 1885 326 1923 Heu
352 1882 550 1937 fugaceS‚
578 1883 801 1931 Postume,
833 1879 1070 1929 Postume„

100 1937 318 1977 Labuntur
347 1936 461 1989 amii,
489 1948 567 1975 nec
595 1934 736 1974 Pietas
765 1945 927 1972 moram

128 2100 129 2103 =
170 2093 202 2114 ν.
226 2081 281 2115 23.
315 2079 465 2122 Aliquot
490 2074 614 2113 Codd.
641 2073 754 2117 Cruq.
781 2073 932 2106 aliorum
953 2070 1126 2118 Sedesque
1146 2066 1422 2114 descriptas„Cf.

102 2125 227 2160 Benssl.
243 2144 289 2150 -
315 2138 344 2159 ν.
363 2125 418 2158 38.
442 2123 595 2155 laborem
619 2121 767 2163 Aliquot
793 2117 912 2154 Codd.
939 2130 997 2162 ap.
1021 2113 1144 2151 Bentl.
1171 2123 1209 2151 et
1223 2112 1340 2151 Vand.
1364 2113 1423 2151 Cf.

102 2171 217 2205 Bentl.
243 2189 289 2196 —
315 2183 351 2206 ν.
370 2168 428 2213 40.
456 2166 594 2201 timidas
620 2167 759 2209 aliquot
785 2162 902 2198 Codd.
928 2163 983 2199 Cf.
1009 2162 1125 2196 Bentl.

62 2213 66 2217 ’
169 2216 268 2259 xlv,
290 2229 320 2250 v.
339 2227 370 2250 ι.
403 2213 470 2247 heu
494 2212 560 2246 heu
574 2213 664 2255 Fea3
694 2211 781 2243 olim
804 2209 915 2246 lectio
941 2209 1082 2253 vulgata
1105 2205 1201 2242 eheu.
1225 2221 1272 2230 —
