1526 2404
161 126 207 168 ¹4
597 131 636 172 Q,
667 132 849 158 nonam
880 132 1036 160 macc:

153 224 222 263 Nil
247 223 495 263 mortalibus
524 223 702 264 arduum
743 233 828 264 est:

207 277 386 317 coelum
412 278 549 330 ipsum
577 278 757 331 petimus
786 277 982 330 stultitia,
1009 291 1151 334 neque

151 333 238 372 Per
264 330 455 370 nostrum
480 331 664 384 patimur
691 332 827 371 scelus

203 384 406 425 Iracunda
431 385 576 425 Iovem
602 398 764 438 ponere
801 384 987 426 fulmina.
1429 393 1484 436 4ο

670 513 858 552 ΟΑΒΜΕΝ
885 513 955 555 IV.
1081 555 1087 558 ,

546 598 636 637 AD
676 599 728 639 L.
755 598 1068 638 SEXTIUM.

238 682 279 714 L.
306 681 465 715 Sextium
488 693 571 716 vere
596 684 740 717 ineunte
764 684 810 717 ad
835 684 1015 729 carpenda
1039 683 1167 727 gaudia
1189 681 1364 718 hortatur.

148 764 302 797 Metram
326 758 582 797 Archilochium
605 774 795 810 qttczrtum,
821 766 1047 810 compositum
1071 777 1114 797 ex
1138 772 1239 797 versu
1260 764 1478 798 Archzzochcb

376 811 506 841 maiore
530 819 564 843 et
593 816 693 844 ver-m
713 810 859 844 iambico
884 812 1040 843 trimetro
1063 809 1245 843 caudecto.

148 888 338 929 Solvitur
369 890 474 929 acris
495 890 628 931 hiems
651 900 769 946 grata
797 891 892 931 vice
920 891 1031 932 veris
1056 899 1099 930 et
1124 891 1311 940 Favoni,

202 941 475 997 Trahuntque
507 945 638 984 siccas
668 945 883 984 machinae
911 944 1083 985 carinas.
1343 948 1346 950 ’
1423 967 1425 969 v

146 994 211 1034 Ac
239 1009 378 1049 neque
407 998 487 1049 jam
516 997 688 1037 stabulis
719 999 875 1052 gaudet
907 1011 1060 1052 pecus,
1098 1004 1170 1036 aut
1201 1005 1343 1039 arator
1369 997 1477 1053 igni3

200 1050 289 1088 Nec
317 1058 438 1101 prata
469 1051 579 1090 canis
616 1051 793 1091 albicant
819 1052 996 1104 pruinis.

147 1102 231 1140 Iam
258 1101 465 1154 Cytherea
495 1103 648 1143 choros
683 1104 799 1144 ducit
825 1106 992 1154 Venus,
1021 1104 1263 1144 imminente
1292 1105 1477 1155 Luna‚5

201 1156 455 1210 Iunctaeque
482 1157 682 1210 Nymphis
705 1157 873 1196 Gratiae
905 1158 1105 1196 decentes

146 1208 325 1248 Alterno
354 1216 512 1248 terram
541 1210 732 1264 quatiunt
756 1211 893 1263 pede3
932 1210 1032 1250 dum
1062 1224 1212 1264 graves
1242 1209 1476 1264 Cyelopum

200 1262 412 1304 Vulcanus
441 1262 590 1302 ardens
619 1263 705 1302 urit
732 1262 931 1303 officinas.
1177 1265 1180 1269 ’

146 1315 264 1354 Nunc
287 1315 411 1355 decet
438 1323 509 1355 aut
535 1316 659 1356 viridj
689 1316 865 1356 nitidum
894 1326 1019 1371 caput
1052 1316 1259 1370 impedire
1286 1323 1447 1370 myrto,

199 1368 286 1408 Aut
311 1367 444 1420 flore⁷
464 1377 604 1408 terrae
634 1384 758 1424 quem
786 1369 931 1410 ferunt
957 1371 1133 1410 solutae.
1426 1383 1474 1410 ιο

146 1422 264 1461 Nunc
294 1429 337 1461 et
358 1422 400 1460 in
426 1422 634 1462 umbrosis
664 1424 809 1462 Fauno
843 1424 967 1464 decet
994 1423 1212 1464 immolare
1239 1424 1368 1476 lucis,

200 1475 287 1514 Seu
313 1483 461 1529 poscat
489 1490 616 1530 agna,
645 1476 734 1516 sive
756 1477 871 1516 malit
898 1477 1049 1517 haedo.
1425 1507 1427 1515 ,

145 1529 306 1568 Pallida
324 1530 438 1568 Mors
462 1542 598 1583 aequo
620 1530 759 1583 pulsat
780 1530 892 1583 pede
911 1545 1147 1584 pauperum
1169 1531 1365 1571 tabernas
1407 1547 1412 1553 ·

197 1582 449 1637 Regumque
477 1590 629 1622 turres.
660 1581 699 1622 Ο
728 1582 853 1623 beate
881 1583 1019 1635 Sexti,

146 1635 270 1677 Vitae
288 1649 448 1675 summa
464 1635 605 1675 brevis
625 1650 743 1689 spem
762 1650 838 1676 nos
858 1645 973 1677 vetat
989 1637 1188 1678 inchoare
1207 1637 1388 1692 longam.
1423 1637 1471 1678 15

202 1690 289 1728 Iam
318 1697 362 1728 te
388 1697 558 1742 premet
583 1702 690 1739 nox,
720 1688 974 1745 fabulaeque
998 1693 1162 1741 Manes,

147 1743 203 1781 Et
233 1743 382 1781 domus
410 1743 526 1782 exilis
557 1742 771 1782 Plutonia:
800 1758 884 1798 quo
913 1743 1034 1783 simul
1061 1744 1239 1794 mearis,

199 1797 287 1835 Nec
314 1809 446 1850 regna
474 1795 557 1836 vini
584 1796 763 1835 sortiere
798 1797 913 1848 talis,
1405 1823 1408 1825 >

146 1850 235 1888 Nee
263 1857 458 1888 tenerum
485 1848 668 1902 Lycidan
691 1849 924 1900 mirabere,
951 1865 1035 1906 quo
1064 1850 1174 1890 calet
1201 1849 1396 1902 juventus

196 1903 316 1942 Nunc
345 1903 500 1954 omnis,
530 1910 573 1942 et
598 1915 696 1941 mox
732 1903 912 1958 virgines
934 1904 1150 1958 tepebunt.
1417 1914 1469 1941 20

211 2054 272 2087 IV.
296 2066 331 2087 v.
346 2056 378 2088 8.
402 2057 485 2088 visit
508 2055 568 2100 qffi
591 2056 750 2099 Rutgers.
766 2066 785 2087 e
799 2054 900 2087 MSS.
927 2054 1056 2087 Bel-sm.
1083 2054 1168 2085 item
1186 2052 1299 2085 Bentl.
1316 2063 1335 2085 e
1351 2052 1466 2084 Codd.

147 2105 184 2132 et
209 2100 240 2133 5.
266 2100 381 2132 Codd.
407 2101 590 2134 Vanderb.
609 2119 655 2126 —
691 2113 727 2134 v.
756 2111 807 2132 12.
833 2097 1167 2142 agnam-haedum.
1209 2098 1282 2130 Fea
1305 2109 1324 2130 e
1349 2097 1465 2130 Codd.

145 2145 234 2186 suis,
258 2145 418 2188 aliisque.
444 2165 489 2171 —
512 2158 548 2179 v.
578 2146 628 2189 ις).
654 2141 859 2178 Emendavit
881 2145 995 2178 Bentl.
1020 2154 1039 2176 e
1067 2143 1262 2176 Codicibus
1286 2141 1466 2188 Lycidan,

146 2201 228 2223 cum
250 2191 389 2236 priores
414 2191 503 2225 Edd.
528 2192 663 2225 ferrent
690 2191 870 2236 Lycidam.
