1526 2404
88 175 160 217 ¹42
531 184 570 222 q.
599 184 782 210 nomi-ru
809 182 964 210 nacci

136 276 257 316 Forti
287 290 516 331 sequemur
540 285 728 330 pectore.

79 331 248 384 Reges,
279 338 398 368 tuum
425 331 571 370 labore
600 331 700 385 quid
729 332 868 370 iuvem
898 343 1018 382 meo,
1366 336 1412 375 15

135 382 317 422 Imbellis
348 397 395 422 ac
422 382 565 423 firmus
593 383 774 438 parum?

81 437 236 475 Comes
263 436 426 476 minore
455 452 546 477 sum
577 438 746 477 futurus
774 437 816 477 in
843 444 981 476 metu.

135 490 220 550 Qui
248 490 382 529 maior
409 490 602 530 absentes
630 491 778 530 habet:

78 544 135 582 Ut
160 542 343 582 assidens
372 544 640 597 implumibus
670 545 794 597 pullis
825 544 910 584 avis

132 596 401 649 Serpentium
430 598 609 651 allapsus
638 599 758 637 timet
1363 613 1415 640 20

19 689 24 697 ,
77 650 208 703 Magis
237 650 416 701 relictis3
445 665 553 701 non,
580 660 625 690 ut
654 651 782 702 adsit,
809 652 934 691 auxili

129 705 285 742 Latara
312 703 406 756 plus
435 705 741 757 praesentibus.

75 756 277 795 Libenter
304 756 386 796 hoc
415 766 458 797 et
487 772 610 798 omne
638 758 882 798 militabitur

130 810 299 849 Bellum
327 810 370 849 in
394 818 491 851 tuae
521 826 640 865 spem
670 813 852 866 gratiae3

75 865 171 903 Non
197 871 245 902 ut
271 864 459 904 iuvencis
488 866 644 919 illigata
671 866 863 919 pluribus

130 917 283 956 Aratra
310 917 493 958 nitantur
515 919 637 970 meis,

74 971 268 1011 Pecusve
299 971 483 1011 Calabris
513 980 607 1011 ante
635 972 748 1012 sidus
777 971 993 1013 fervidum

130 1025 297 1063 Lucana
326 1033 461 1064 mutet
487 1025 673 1078 pascuis,

73 1077 224 1130 Neque
251 1085 300 1116 ut
329 1079 501 1130 superni
529 1079 627 1119 villa
653 1079 833 1119 candens
863 1077 1035 1120 Tusculi

129 1130 303 1169 Circaea
330 1137 473 1184 tangat
502 1132 679 1171 moenia.
1355 1137 1408 1177 30

78 1181 185 1222 Satis
215 1196 429 1236 superque
462 1198 530 1224 me
557 1184 789 1239 benignitas
818 1193 888 1224 tua

127 1236 307 1286 Ditavit3
336 1235 447 1275 haud
479 1251 686 1289 paravero

75 1289 204 1351 Quod
233 1298 326 1337 aut,
361 1303 507 1328 avarus
536 1299 583 1329 ut
614 1292 839 1341 Chremes,
867 1300 981 1332 terra
1007 1306 1220 1347 premam,
1282 1295 1287 1297 ⁴

129 1342 367 1383 Discinctus
396 1351 467 1382 aut
492 1343 669 1396 perdam
697 1353 745 1385 ut
769 1358 917 1398 nepos,
1095 1342 1111 1357 ⁸

608 1464 796 1521 CAmnm
823 1464 875 1503 ΙΙ.

116 1551 284 1596 Alphium
310 1552 577 1588 foeneratorem
601 1552 767 1596 deridet,
806 1555 864 1597 qui
899 1555 990 1588 vitae
1023 1554 1180 1588 rusticae
1211 1556 1403 1591 commoda

73 1602 111 1632 et
135 1598 262 1640 gaudia
285 1597 346 1630 ubi
371 1601 497 1631 mirum
522 1601 556 1631 in
580 1600 728 1633 modum
752 1599 910 1634 laudavit
925 1624 934 1641 ‚
960 1611 1043 1632 mox
1069 1598 1116 1633 ad
1139 1602 1327 1645 pristinam
1354 1605 1400 1636 vi·

63 1642 181 1679 ,vendi
203 1644 380 1678 rationem
403 1651 440 1679 et
465 1644 647 1682 sordidam
670 1647 855 1680 avaritiam
879 1646 1084 1680 revertitur.

592 1729 747 1761 flIetrum
771 1726 875 1760 idem.-

70 1817 228 1855 Beatus
253 1815 347 1868 ille,
376 1815 448 1871 qui
474 1817 625 1870 procul
652 1817 853 1872 negotiis,

123 1870 179 1909 Ut
203 1870 341 1923 prisca
368 1883 470 1923 gens
498 1872 756 1923 mortalium,

68 2027 116 2039 -ι
136 2025 169 2047 ν.
195 2024 250 2046 21.
276 2015 331 2046 uti
350 2016 396 2048 sit
418 2026 486 2060 pro
521 2025 562 2050 ut
586 2015 679 2049 adsit
703 2014 819 2049 Bentl.
847 2027 866 2048 e
890 2015 1051 2060 pluribus
1077 2012 1200 2051 Codd.
1217 2026 1320 2060 quem
1339 2017 1394 2050 Cf.

69 2072 116 2085 .-.;
138 2070 168 2091 v,
193 2061 247 2095 26.
286 2071 360 2091 mea
383 2062 505 2105 plures
531 2060 649 2095 Codd.
678 2059 762 2094 Vid.
787 2061 904 2095 Bentl.
931 2068 967 2095 et
991 2062 1075 2094 Fea.
1105 2070 1294 2094 nectantur
1326 2074 1393 2106 pro

70 2106 233 2137 nitantur
265 2105 403 2149 aliquot
428 2106 548 2140 Codd.
577 2107 630 2140 Cf.
658 2106 777 2141 Bentl-
805 2112 843 2140 et
856 2108 997 2138 Fea.—
1023 2118 1053 2138 v.
1071 2107 1126 2139 28.
1139 2107 1394 2150 pascuismulti

71 2150 188 2182 Codd.
216 2155 252 2182 et
276 2154 358 2182 vett.
382 2150 473 2185 Edd.
501 2152 570 2185 Alii
594 2163 729 2197 pascua
753 2151 964 2185 Vid.Bentl.
986 2169 1032 2175 —
1055 2162 1086 2183 v.
1102 2162 1155 2194 29·
1173 2152 1293 2197 Neque
1311 2154 1392 2196 plu-

68 2205 126 2227 res
150 2194 243 2230 Edd.
268 2200 359 2230 vett.
383 2198 429 2228 al.
454 2209 518 2230 nec
542 2197 625 2231 Vid.
648 2196 753 2231 Both.
777 2197 963 2232 Annotatt.
995 2196 1066 2229 Pro
1099 2198 1245 2242 superni
1265 2196 1390 2235 Bentl.

71 2242 276 2279 e,coniect.
300 2243 441 2286 supini,
467 2254 572 2287 quem
594 2242 643 2278 V.
668 2243 754 2275 coll.
778 2240 880 2276 Fea(
914 2277 916 2280 ,
