1526 2404
119 192 146 230 ὅ
573 205 613 245 Q·
641 205 825 231 noaxrn
854 205 1012 233 FLAcm

126 297 301 336 Plenior
330 304 378 336 ut
400 297 434 336 si
461 311 568 352 quos
598 297 787 338 delectet
814 298 936 352 copia
971 299 1104 350 iusto,¹

123 350 230 389 Cum
259 350 351 403 ripa
390 351 513 390 simul
540 351 708 391 avulsos
738 351 851 391 ferat
879 350 1057 392 Aufidus
1085 365 1196 392 acer.

117 403 175 442 At
204 404 276 457 qui
301 404 450 446 tantuli
486 412 608 458 eget,
638 412 795 459 quanto
825 412 890 444 est
919 418 1049 458 opus,
1076 406 1111 446 is
1138 419 1280 461 neque
1310 406 1412 447 limo

118 458 349 496 Turbatam
368 457 509 496 haurit
529 471 693 519 aquam,
709 471 848 512 neque
868 457 998 497 vitam
1017 459 1168 499 amittit
1185 459 1227 498 in
1242 459 1379 511 undis,
1398 459 1450 500 60

119 510 175 548 At
204 510 315 550 bona
341 524 440 563 pars
468 510 685 552 hommum
714 510 895 564 decepta
923 511 1120 564 cupidine
1148 512 1293 563 falso,

122 563 190 601 Nil
219 563 316 602 satis
346 572 431 613 est,
458 564 614 618 inquit3
674 564 742 603 uia
775 564 899 614 tanti,
919 572 1122 619 quantum
1145 565 1325 616 habeas,
1355 566 1424 606 sis.

123 615 239 676 Quid
267 616 396 656 facias
420 616 511 656 illi?
531 619 652 656 —Iu
683 631 753 656 eas
790 618 992 658 miserum
1018 631 1132 669 esse,
1161 617 1346 658 libenter

117 670 338 729 Quatenus
367 670 411 708 id
438 670 553 709 facit.
584 672 640 710 Ut
669 671 840 725 quidam
878 679 1144 718 memoratur,
1165 671 1342 712 Athenis

116 724 321 763 Sordidus
351 736 398 762 ac
429 723 547 763 dives
576 724 727 776 populi
756 731 1028 764 contemnere
1057 737 1199 764 voces*
1398 725 1450 766 65

116 777 185 816 Sic
212 777 383 816 solitus:
415 777 605 829 Populus
634 791 702 816 me
728 776 867 815 sibilat
876 791 888 828 3
922 785 965 816 at
991 776 1094 816 mihi
1116 777 1278 831 plaudo

115 831 210 883 Ipse
239 829 375 879 (lomi⁷
405 830 528 868 simul
558 843 605 869 ao
632 844 825 869 nummos
855 830 1122 883 contemplor
1148 831 1191 870 in
1219 842 1394 872 arca.—

117 883 316 922 'l'antalus
344 897 367 921 a
392 882 519 922 labris
550 883 692 923 sitiens
720 883 928 937 fugientia
962 891 1103 936 captat

114 936 343 975 Flumina..
359 964 368 975 .
399 936 516 1028 QtUid
539 935 685 975 rides?
711 944 873 975 mutato
902 936 1071 976 nomine
1104 935 1158 976 de
1183 945 1230 977 te

114 989 277 1028 Fabula
305 1004 427 1029 narra
448 1004 511 1028 ur.
542 989 765 1043 Congeslis
794 989 981 1044 undique
1021 989 1151 1029 saccis
1391 1004 1446 1044 70

113 1043 318 1085 Indormis
346 1043 528 1092 inhians,
560 1051 603 1082 et
632 1051 831 1096 tanquam
859 1055 1038 1096 parcere
1070 1042 1203 1082 sacris

116 1096 317 1148 CogeriQ
349 1104 420 1135 aut
443 1095 565 1148 pictis
593 1103 790 1150 tanquam
817 1095 1005 1148 gaudere
1031 1094 1214 1135 tabellis.

113 1150 259 1187 Nescis
288 1163 372 1202 quo
402 1149 540 1189 valeat
568 1147 790 1186 nummus?
819 1162 947 1201 quem
973 1147 1180 1202 praebeat
1211 1146 1364 1188 usum?

114 1201 238 1240 Panis
267 1210 452 1250 ematur,
482 1201 599 1250 olus,
627 1201 712 1239 vini
740 1201 944 1239 sextarius
954 1215 966 1251 3
995 1200 1126 1250 adde,

117 1254 250 1294 Oueis
279 1254 459 1293 humana
488 1253 567 1292 sibi
595 1252 738 1292 doleat
764 1260 911 1291 natura
949 1253 1125 1307 negatis.
1391 1254 1445 1306 75

113 1294 179 1347 Ᾱιι
211 1307 384 1360 vigilare
414 1315 532 1346 metu
561 1306 814 1356 exanimem,
850 1313 1085 1360 noctesque
1113 1305 1288 1360 diesque
1301 1323 1305 1330 2

112 1361 362 1400 Formidare
390 1361 521 1399 malos
549 1359 690 1409 fures,
718 1358 931 1408 incendia,
961 1372 1131 1408 servos,

112 1417 175 1453 Ne
203 1422 247 1453 te
276 1414 506 1467 compilent
534 1413 772 1465 fugiente3‚
797 1411 881 1451 hoc
907 1410 1053 1451 iuvat?
1080 1413 1250 1451 Horum

113 1469 293 1520 Semper
322 1481 403 1520 ego
434 1466 613 1519 optarim
642 1464 934 1518 pauperrimus
964 1479 1056 1504 esse
1085 1463 1312 1504 bonorum.
1339 1489 1394 1498 -—-

112 1521 170 1560 At
197 1521 230 1559 si
260 1521 480 1560 condoluit
507 1526 715 1559 tentatum
742 1518 906 1572 frigore
945 1531 1125 1571 corpus,
1393 1519 1445 1559 80

106 1574 199 1613 -Aut
228 1573 331 1612 alius
361 1587 479 1613 casus
509 1573 621 1612 lecto
652 1579 694 1610 te
725 1569 879 1621 affixit3
907 1570 1038 1610 habes
1068 1571 1140 1625 qui

112 1627 329 1676 Assideat‚
359 1627 548 1666 fomenta
577 1633 721 1678 paret,
750 1624 960 1663 medicum
985 1632 1136 1678 roget,
1164 1632 1213 1664 ut
1238 1633 1282 1665 te

113 1680 320 1730 Suscitet‚
350 1693 397 1718 ac
427 1679 531 1718 natis
559 1678 735 1727 reddat,
764 1677 956 1731 carisque
983 1677 1245 1731 propinquis.
1271 1701 1326 1708 —-

111 1735 206 1774 Non
233 1746 342 1772 uxor
372 1732 534 1773 salvum
563 1740 605 1771 te
636 1731 749 1781 vult,
779 1744 863 1770 non
891 1730 999 1770 iilius
1010 1744 1022 1782 3
1058 1743 1204 1770 omnes

110 1924 156 1931 —-
179 1917 215 1938 v.
235 1906 289 1947 59.
316 1911 491 1949 qnantum
514 1903 630 1937 Bentl.
648 1914 666 1935 e
695 1899 817 1935 Codd.
842 1901 914 1936 Sed
940 1903 994 1936 Cf.
1011 1900 1142 1936 Heind.
1163 1919 1210 1926 —
1232 1913 1271 1934 v.
1296 1901 1353 1935 63.
1378 1902 1440 1934 mi-

110 1962 222 1984 ser-am
245 1950 366 1982 Bentl.
395 1959 438 1980 ex
462 1950 580 1981 conie.
607 1950 763 1992 itemque
784 1957 874 1978 unus
891 1947 985 1981 Cod.
1001 1948 1139 1981 Valart.
1156 1946 1210 1978 Cf·
1226 1947 1374 1979 Gesner.
1396 1965 1442 1972 .-

109 2009 146 2029 υ.
176 1998 229 2039 73.
264 1995 335 2026 Pro
361 2005 433 2039 quo
459 1992 550 2026 (jod.
579 1994 663 2025 Han.
689 1999 726 2027 et
752 1992 915 2036 Gotting.
949 1991 1045 2039 quid.
1079 2010 1125 2016 -—
1155 2003 1190 2024 v.
1217 2002 1271 2035 77.
1307 1991 1440 2031 malos,

109 2041 208 2082 ficres
234 2045 412 2073 commate
438 2040 655 2082 interposito
681 2039 754 2070 Fea
778 2048 858 2070 cum
894 2040 971 2071 aliis
1007 2036 1220 2071 editoribus.
1258 2034 1330 2068 Sed
1357 2035 1440 2069 Vid.

98 2079 295 2119 'Heindorll
323 2083 428 2117 Both.
454 2084 604 2118 Annott.
639 2102 684 2108 —
718 2095 754 2115 v.
784 2092 837 2124 79.
876 2092 1032 2128 optarem
1059 2079 1178 2114 Codd.
1207 2079 1279 2113 duo
1304 2080 1439 2115 Bel-sm.

111 2133 182 2164 alii.
197 2149 243 2155 —-
267 2142 302 2162 v.
320 2131 374 2162 8ι.
400 2130 535 2171 Afflizit
558 2130 679 2172 plures
707 2126 828 2161 Codd.
855 2134 893 2162 et
915 2133 1004 2162 vett.
1029 2124 1123 2159 Edd.
1148 2124 1266 2168 qffixit
1288 2126 1440 2170 paucio-

110 2187 177 2209 res.
191 2175 276 2211 vid.
296 2175 412 2209 Bentl.
438 2180 476 2208 et
494 2174 642 2206 Gesner.
658 2191 703 2197 -—
726 2185 762 2205 v.
779 2174 837 2205 83.
863 2173 904 2204 In
929 2172 1092 2217 plurimis
1114 2169 1206 2203 End.
1224 2172 1360 2213 signum
1386 2171 1440 2202 in-

110 2221 322 2263 tei-rogandi
343 2222 376 2254 in
398 2220 466 2252 line
488 2229 578 2251 vers.
597 2217 754 2255 additur.
778 2216 851 2252 Sed
875 2217 930 2250 Cf.
950 2216 1076 2251 Heind.
1102 2219 1159 2248 An
1181 2225 1250 2260 pro
1274 2218 1323 2253 At
1341 2215 1438 2250 coni.

109 2267 279 2310 Doering.
