1526 2404
440 180 668 209 cummim
697 181 782 209 mn.
808 169 867 220 11,
900 176 960 218 ¹4.

96 265 230 319 nugis
250 273 294 306 ct
319 266 485 307 instanti
512 267 715 308 Senectae

147 317 338 370 Afferet,
361 319 670 374 indomitaeque
696 320 835 360 Morti.

42 390 160 440 Non,
186 390 225 430 si
250 393 454 439 trecenis,
482 402 587 448 quot
648 401 694 434 ot
728 402 828 434 eunt
856 394 970 447 dies,

42 442 212 495 Amice,
238 445 380 498 places
406 447 580 487 illacrim
635 446 734 486 ilem

96 496 278 538 Plutona
303 499 454 550 tauris3
483 501 554 554 qui
580 508 647 540 ter
673 500 856 554 amplum

149 549 373 604 Geryonen
400 553 635 608 Tityonque
665 553 774 594 tristi

46 622 288 679 Compescit
312 626 447 677 unda,
475 626 635 667 scilicet
662 626 851 667 omnibus

46 676 297 737 Quicunque
324 687 465 719 terrae
491 693 665 720 munere
691 680 926 733 vescimur,

92 731 383 791 Enanganda‚
408 733 496 772 sive
522 746 648 786 reges

147 783 248 825 Sive
274 786 423 839 inopes
452 787 611 826 erimus
640 785 793 826 coloni.

41 847 218 887 Frustra
244 858 419 891 cruento
444 851 579 890 Marte
607 849 862 902 carebimus,

42 900 292 955 Fractisque
318 903 434 943 rauci
460 902 658 943 fluctibus
684 902 869 943 Hadriae
876 916 893 955 3

94 953 271 993 Frustra
295 969 377 1008 per
402 965 646 1006 auctumnos
664 964 888 996 nocentem

146 1006 405 1062 Corporibus
431 1018 665 1050 metuemus
692 1009 914 1049 Austrum:

42 1080 250 1123 visendus
279 1091 372 1123 ater
397 1081 569 1124 flumine
594 1084 791 1140 languido

45 1133 228 1187 Cocytos
256 1149 423 1187 errans,
450 1145 494 1177 et
518 1138 652 1178 Danai
679 1151 812 1193 genus

93 1187 274 1239 Infame,
303 1189 604 1245 damnatusque
641 1191 758 1245 longi

148 1241 348 1296 Sisyphus
375 1243 575 1283 Aeolides
611 1244 783 1284 laboris.

42 1314 288 1370 Linquenda
312 1318 461 1370 tellus,
491 1327 535 1360 et
560 1319 733 1370 domm,
761 1326 806 1359 et
832 1319 1003 1372 placens

957 832 981 839 x
994 838 998 840 ,

46 1368 164 1407 Uxor
171 1383 186 1419 3
206 1382 344 1424 neque
371 1371 543 1423 harum,
570 1387 671 1428 quas
699 1372 826 1423 colis,
848 1372 1046 1413 arborum

91 1422 179 1470 Te,
206 1431 377 1475 praeter
402 1426 551 1466 invisas
587 1438 837 1479 cupressos,

145 1474 240 1514 Ulla
266 1475 442 1518 brevem
478 1478 691 1527 dominum
726 1485 939 1533 sequetur.

44 1548 251 1589 Absumet
268 1550 394 1590 heres
414 1551 610 1592 Caecuba
632 1552 798 1606 dignior

45 1602 223 1643 Servata
249 1611 419 1643 centum
444 1605 651 1655 clavibus,
678 1613 721 1644 et
748 1619 869 1647 mero

97 1656 281 1710 'I'inguet
299 1657 582 1710 pavimentum
607 1657 792 1711 superbo

145 1707 397 1749 Pontificum
420 1710 589 1764 potiore
617 1711 771 1751 coenis.

1319 694 1367 722 10

1319 955 1369 997 15

1313 1254 1367 1284 20

1311 1553 1365 1593 25

87 1880 120 1901 v.
149 1878 201 1903 ιο.
225 1880 372 1902 munera
394 1869 597 1904 Wakefield
619 1871 673 1905 Cs.
698 1872 866 1916 Doering.
891 1891 936 1899 —
967 1885 1004 1906 v.
1032 1873 1084 1906 18.
1111 1871 1176 1917 Sic
1200 1882 1220 1905 e
1243 1870 1360 1905 Codd.

43 1913 179 1956 Bent1.;
201 1925 284 1947 nam
306 1916 411 1958 vulgo
435 1920 488 1947 est
504 1915 668 1961 Cocytus.
693 1935 740 1943 —-
759 1921 861 1952 v.23.
886 1930 1070 1964 cupressus
1081 1917 1183 1949 Jahn.
1208 1928 1229 1949 e
1243 1917 1360 1949 Codd.

42 1976 90 1983 -
110 1970 147 1991 v.
163 1969 218 2002 ας.
244 1960 299 1992 Ita
323 1959 437 1992 Codd.
462 1960 567 2002 longe
591 1962 755 2005 plurimi3
779 1965 884 2008 pauci
907 1963 1104 2008 superbum.
1126 1963 1200 1994 Fea
1222 1973 1266 1994 ex
1287 1972 1361 1994 uno

51 2001 143 2036 Cod.
172 2004 327 2049 superbis
335 2015 349 2044 ;
383 2005 475 2038 alter
507 2006 664 2040 eiusdem
693 2003 790 2044 Cod.
828 2008 1008 2054 superbus.
1044 2007 1099 2041 Cf.
1128 2006 1244 2040 Bentl.
1275 2007 1359 2040 Fea.

39 2047 142 2083 Jahn·

87 2181 208 2215 norat.
215 2182 246 2216 Ι.

1020 2187 1044 2226 5
