1526 2404
137 210 150 232 1
159 194 210 241 64
581 210 619 248 Q·
652 209 834 235 norm-ru
864 206 1019 234 ινιᾼοοι

628 322 817 364 Caluum
845 321 974 365 XVII.

541 408 612 447 IN
657 406 1063 449 CANIDvIAM.

200 498 314 532 Poeta
340 497 496 541 loquens
517 498 703 533 inducitur
727 505 833 543 atque
856 479 1043 542 palinodia
1069 492 1205 530 ironica
1227 508 1265 531 se
1287 495 1459 531 CanidIae

134 543 310 576 vem-ficiis
335 550 545 587 superatum
568 543 701 587 fingens
716 568 727 586 ‚
751 545 809 578 cui
833 541 994 577 venefica
1017 552 1091 575 non
1111 544 1264 579 ‘exorata
1288 544 1387 576 novis
1406 543 1459 576 di-

132 590 178 622 ris
203 588 413 634 respondet.

493 648 661 684 flletrum
685 649 885 682 lambicum
908 649 1107 685 senarium,

651 725 933 766 Horatius.-

127 816 213 853 Iam
238 814 320 853 iam
353 812 519 854 efficaci
553 814 609 854 do
637 829 781 854 manus
810 814 1008 856 scientiae

126 867 335 921 Supplex,
366 876 409 908 et
436 882 514 908 oro
541 882 673 923 regna
699 882 778 922 per
803 869 1112 923 Proserpinae,

125 922 212 960 Per
241 929 283 960 et
310 922 469 961 Dianae
498 936 582 962 non
605 921 813 962 movenda
838 923 1028 973 numina,

105 976 212 1014 ¹Per
242 982 371 1030 atque
397 974 528 1015 libros
557 976 786 1015 carminum
811 976 1041 1016 valentium

125 1027 285 1067 Refixa
315 1028 436 1068 coelo
466 1028 676 1069 devocare
705 1029 865 1079 sidera,
1435 1029 1462 1069 5

131 1081 323 1130 Canidia,
354 1095 481 1134 parce
520 1083 696 1123 vocibus
722 1083 891 1122 tandem
919 1081 1074 1133 sacris,
1379 1097 1384 1101 ⁸

127 1134 363 1188 Citumque,
381 1142 498 1174 retro
527 1137 669 1185 solve,
697 1136 816 1175 solve
844 1136 1070 1175 turbinem.

126 1187 260 1226 Movit
288 1195 488 1240 nepotem
517 1189 732 1242 Telephus
767 1190 972 1231 Nere‘ium

124 1241 170 1278 In
205 1253 331 1294 quem
359 1240 566 1293 superbus
596 1242 807 1280 ordinarat
836 1242 997 1294 agmina

124 1294 360 1346 Mysorum,
389 1301 433 1333 et
458 1293 500 1332 in
527 1307 653 1355 quem
681 1295 764 1333 tela
793 1303 914 1334 acuta
939 1302 1135 1335 torserat.
1411 1308 1458 1335 ιο

124 1348 293 1385 Luxere
322 1354 475 1386 matres
504 1347 602 1387 Ihae
634 1347 846 1387 addictum
875 1346 978 1386 feris

124 1399 304 1439 Alitibus
334 1408 460 1454 atque
489 1400 655 1440 canibus
683 1400 933 1439 homicidam
961 1402 1217 1453 Hectorem,

126 1453 358 1529 Postquam
384 1450 541 1493 relictis
567 1453 784 1493 moenibus
813 1467 890 1492 rex
914 1454 1098 1506 procidit

128 1507 251 1546 Heu.
279 1507 510 1559 pervicacis
539 1507 591 1546 ad
618 1507 749 1560 pedes
778 1506 975 1546 Achillei.

130 1559 279 1599 setosa
307 1559 421 1599 duris
452 1560 815 1614 exuerepellibus
1409 1562 1456 1602 15

128 1612 350 1652 Laboriosi
378 1614 558 1667 remiges
588 1614 728 1653 Ulixei·

128 1666 311 1708 Volente
341 1667 461 1706 Circa
489 1667 696 1718 membra3
725 1675 826 1709 tunc
852 1680 969 1707 mens
998 1675 1042 1708 et
1069 1680 1200 1708 sonus

170 1808 284 1840 XVII.
310 1808 507 1842 Mitscherl.
534 1819 622 1841 vers.
653 1820 664 1842 1
694 1829 739 1835 —-
763 1810 814 1843 52.
840 1809 991 1844 Horatio
1016 1809 1180 1844 ademtos
1204 1808 1301 1842 Varo
1326 1808 1452 1841 tribuit

127 1853 298 1887 Canidiae
323 1856 494 1896 amator-i,
534 1855 592 1898 qui
627 1866 735 1900 supra
775 1857 980 1888 nominatur
1003 1854 1119 1898 Epod.
1154 1855 1173 1888 5
1200 1859 1238 1889 et
1269 1863 1353 1887 vera
1388 1853 1450 1886 ille

125 1899 279 1943 quidem¹
305 1901 515 1932 coniectura
541 1901 679 1941 ductus.
717 1899 802 1934 Sed.
839 1899 893 1933 Cf.
919 1900 1087 1943 Doering.
1113 1917 1160 1924 -
1196 1911 1225 1932 v.
1262 1898 1451 1943 5.·Befixa

124 1945 228 1976 multi
256 1944 372 1977 Codd.
399 1954 435 1978 et
462 1945 550 1977 Edd.
578 1951 664 1979 vett.
689 1947 758 1978 Alii
776 1944 896 1979 Codd.
913 1956 986 1978 non
1001 1945 1193 1989 pauciores
1210 1949 1246 1977 et
1261 1943 1349 1976 Edd.
1367 1949 1450 1979 vett.

123 1988 258 2035 defixit.
283 1990 363 2022 vid.
390 1989 512 2024 Bentl.
538 1997 574 2025 ct
592 1990 700 2024 Both.
718 1992 904 2025 Annotatt.
927 2010 971 2017 -—
994 2002 1025 2023 v.
1048 1989 1209 2033 7.volve,
1235 1989 1332 2022 volve
1347 1988 1450 2021 Lam-⁴

121 2034 195 2078 bin.
220 2046 263 2066 ex
289 2036 500 2070 coniectura
525 2036 646 2069 Aurati
673 2036 725 2068 Cf.
751 2036 855 2071 Both.
880 2037 1068 2070 Annotatt.
1091 2052 1138 2059 —
1160 2046 1191 2067 v.
1209 2045 1261 2067 ιι.
1278 2032 1451 2067 Totidem

123 2080 199 2112 serc
222 2079 338 2113 Codd.
366 2086 400 2113 et
427 2087 510 2113 vett.
536 2080 628 2115 Edd.
652 2082 773 2114 luxere
798 2081 951 2123 habent,
976 2086 1064 2124 quot
1080 2091 1219 2112 unxere.
1238 2079 1312 2111 Nos
1330 2078 1448 2112 Bentl.

123 2125 238 2167 secuti
263 2137 403 2167 sumus,
429 2138 535 2170 quem
558 2128 602 2160 V.
629 2129 715 2161 coll.
740 2128 823 2159 Fca.
846 2145 892 2152 ——
913 2139 944 2159 v.
965 2137 1016 2159 ια.
1030 2125 1186 2158 Hectora
1200 2122 1292 2158 Cod.
1309 2124 1448 2158 Bersm.

125 2169 179 2203 Cs.
205 2170 326 2203 Bentl.
350 2172 394 2204 ad
422 2184 451 2204 v.
478 2183 528 2215 17.
555 2172 654 2206 huius
681 2183 789 2206 carm·
815 2190 860 2196 —
884 2184 914 2204 v.
941 2181 994 2214 17.
1019 2169 1122 2202 Circa
1148 2169 1262 2202 Bentl.
1296 2181 1339 2203 ex
1375 2180 1448 2202 uno

123 2227 188 2248 suo
217 2215 309 2249 Cod.
344 2222 380 2248 ct
403 2218 549 2251 Valerio
589 2220 733 2260 Probo,
775 2219 931 2262 itemque
965 2215 1038 2250 duo
1066 2212 1188 2249 Codd.
1212 2216 1319 2249 Fcae.
1341 2215 1446 2258 Vulg.

126 2260 236 2294 Circe.
264 2261 343 2294 Vid.
367 2261 483 2295 Bentl.
