1526 2404
460 191 719 225 nusi-onan.
744 192 831 218 mn.
843 232 845 234 ‚
858 179 890 219 1.
922 191 984 220 ια.
1313 181 1388 221 123

1134 247 1159 263 ³

0 294 21 329 ζ
74 286 300 329 Fructibus
325 286 540 341 Agrippae
567 285 738 337 Siculis,
766 298 873 341 quos
901 285 1087 339 colligis,
1112 286 1220 341 Icci,

75 341 122 386 si
148 349 268 382 recte
294 339 471 389 frueris,
500 354 583 379 non
612 347 678 379 est
702 347 750 378 ut
778 339 899 393 copia
923 339 1058 379 maior

73 394 142 434 Ab
167 395 266 434 Iove
293 393 438 434 donari
463 393 597 446 possit
620 391 709 432 tibi.
761 393 885 432 Tolle
913 389 1106 447 querelas
1115 406 1128 443 3

74 449 244 503 Pauper
271 447 379 488 enim
406 460 490 486 non
519 454 605 495 est,
632 445 700 485 cui
719 452 867 499 vrerum
896 446 1080 499 suppetit
1106 458 1219 487 usus,

76 498 135 548 si,
151 497 287 540 ventri
313 500 443 549 bene,
471 499 506 538 si
531 499 654 538 lateri
681 507 747 539 est
801 497 1032 561 edibusque
1058 498 1162 549 tuis,
1189 498 1248 538 nil
1318 536 1323 541 ,
1362 498 1390 540 5

0 579 4 587 ·
73 552 257 600 Divitiae
282 559 483 614 poterunt
507 552 671 606 regales
701 551 752 591 ad
785 565 859 591 ere
885 566 1039 591 maius.

77 605 128 645 Si·
149 605 266 645 forte
292 621 334 644 m
359 605 499 644 medio
527 605 759 658 positorum
789 604 1013 659 abstemius
1038 602 1181 645 herbis

74 659 196 700 Vivis
225 666 268 698 et
295 658 449 697 urtica:
478 658 537 698 sic
566 659 681 697 vives
707 658 921 711 protinus,
942 663 996 697 ul
1020 667 1065 698 te

78 711 313 751 Confestim
338 710 520 766 liquidus
545 711 762 751 Fortunae
787 711 903 750 rivus
929 711 1094 752 inauret
1101 725 1116 763 3
1278 746 1283 747 γ

10 790 19 798 ·
75 764 160 804 vel
187 764 287 819 quia
313 773 502 804 naturam
528 772 691 803 mutare
717 764 894 818 pecunia
919 765 1075 815 nescit,
1345 777 1394 805 ιο

78 817 161 858 Vel
188 817 285 872 quia
309 825 459 857 cuncta
483 825 605 871 putas
632 831 714 856 una
740 818 896 856 virtute
923 818 1096 857 minora.

77 870 278 911 Miramur
302 870 338 909 si
364 870 599 910 Democriti
624 883 756 924 pecus
785 870 873 909 edit
899 872 1057 924 agellos
1314 872 1325 893 ·“

80 923 311 978 Cultaque,
339 922 438 962 dum
463 937 647 976 peregre
677 931 740 963 est
759 923 914 963 animus
936 924 1024 963 sine
1046 937 1096 964 co
1152 938 1228 965 ore
1246 924 1392 966 velox:

81 975 224 1031 Quum
250 983 301 1015 tu·
323 976 433 1015 inter
459 976 640 1015 scabiem
665 984 817 1015 tantam
842 984 886 1015 et
912 978 1104 1031 contagia
1147 978 1237 1018 ucri

79 1029 146 1068 Nil
171 1042 348 1082 parvum
375 1029 531 1082 sapias,
560 1037 603 1068 et
630 1029 766 1069 adhuc
793 1029 982 1069 sublimia
1010 1043 1157 1082 cures3
1348 1031 1396 1071 15

126 1096 204 1122 uae
230 1085 354 1121 mare
373 1083 639 1135 compescant
666 1095 815 1122 causae
823 1097 836 1133 3
864 1082 967 1137 quid
992 1091 1203 1137 temperet
1221 1097 1393 1135 annum;

114 1136 238 1174 tellae
264 1143 414 1188 sponte
441 1149 537 1185 sua,
565 1135 755 1175 iussaene
783 1144 988 1190 vagentur
1015 1144 1059 1176 et
1087 1146 1251 1189 errent3

104 1188 199 1227 §uid
222 1195 386 1241 premat
410 1187 636 1228 obscurum
662 1189 829 1238 Lunae,
857 1188 958 1243 quid
983 1189 1178 1242 proferat
1202 1189 1379 1242 orbem;

81 1190 198 1334 ὲαίᾶ
225 1240 327 1279 velit
353 1248 397 1280 et
421 1241 555 1294 possit
580 1255 723 1280 rerum
751 1241 976 1281 concordia
1002 1242 1186 1295 discors3

121 1293 386 1347 mpedocles‚
416 1308 466 1333 an
494 1294 738 1333 Stertinium
767 1294 918 1334 deliret
943 1296 1147 1335 acumen?
1345 1308 1398 1336 20

81 1348 243 1388 Verum
267 1359 344 1386 seu
366 1345 529 1399 pisces,
557 1361 632 1386 seu
658 1361 834 1400 porrum
861 1355 903 1386 et
930 1361 1059 1402 caepe
1088 1348 1296 1402 trucidas,

84 1401 215 1439 Utere
240 1400 445 1452 Pompeio
474 1400 693 1453 Grosph03
719 1409 784 1451 et,
812 1400 846 1439 si
873 1401 973 1455 quid
1005 1410 1147 1455 petet,
1166 1403 1289 1444 -ultro

83 1452 245 1502 Defer3
272 1452 329 1490 nil
358 1452 575 1506 Grosphus
603 1453 679 1491 nisi
708 1467 856 1493 verum
882 1454 1019 1494 orabit
1046 1463 1089 1494 et
1117 1469 1311 1510 aequum.

84 1505 189 1545 Vilis
218 1505 445 1543 amicorum
474 1514 538 1545 est
565 1506 894 1558 annonasbonis
922 1506 994 1545 ubi
1021 1507 1121 1562 quid
1151 1509 1284 1548 deest.

84 1560 148 1597 Ne
174 1564 313 1596 tamen
339 1557 531 1610 ignores,
559 1571 643 1612 quo
672 1560 724 1598 sit
749 1560 936 1598 Romana
963 1561 1060 1599 loco
1088 1574 1180 1600 res:
1347 1562 1399 1602 25

88 1609 294 1649 Cantaber
321 1610 558 1663 Agrippae,
588 1611 736 1649 Claudi
764 1611 918 1650 virtute
945 1613 1122 1651 Neronis

86 1662 307 1702 Armenius
335 1662 509 1711 cecidit,
538 1662 603 1700 ius
630 1663 935 1717 imperiumque
962 1665 1164 1704 Phraates

90 1714 277 1754 Caesaris
306 1714 467 1767 accepit
494 1714 669 1767 genibus
696 1716 854 1765 minoi-3
885 1731 1009 1756 aurea
1035 1718 1184 1771 fruges

87 1768 229 1808 Italiae
254 1767 381 1820 pleno
410 1766 604 1806 defundit
633 1769 764 1822 Copia
790 1782 933 1808 cornu.

156 1943 252 1984 XII,⁸
273 1955 308 1974 v.
334 1944 366 1977 8.
394 1943 443 1976 sic
467 1944 555 1976 vivis
580 1940 668 1976 cod.
692 1944 783 1975 Fene
814 1941 988 1988 probante
1019 1941 1120 1976 Both.
1153 1944 1336 1977 Annotatl.
1357 1964 1403 1972 -·

90 1999 129 2020 v.
153 1997 208 2022 20.
232 1987 401 2021 Stertmii
421 1989 485 2021 Ed.
511 1990 675 2022 Glarean.
700 1989 755 2020 Cs.
771 1990 840 2020 Fea
858 1994 891 2021 et
911 1988 1010 2022 Both.
1028 1989 1207 2022 Annotatt.
1225 2009 1269 2015 —
1293 2001 1330 2022 v.
1348 2003 1403 2024 22.

88 2039 182 2077 petet
205 2033 324 2073 ultro,
378 2033 491 2079 Dqser
512 2033 748 2066 Marklandius
774 2034 987 2077 interpungit
1012 2034 1065 2066 Cl'.
1090 2034 1192 2068 Both.
1216 2054 1260 2060 —
1282 2046 1321 2068 v.
1347 2047 1402 2080 27.

92 2076 288 2109 phrahates
312 2079 411 2111 Both.
438 2091 456 2112 e
482 2078 596 2111 codd.
622 2080 785 2111 Torrent.
817 2078 853 2110 T
850 2079 996 2121 [graues
1019 2086 1087 2123 pro
1111 2079 1290 2113 Phraates
1307 2082 1402 2115 coni.

92 2121 202 2154 Bentl.
228 2123 318 2155 infra
339 2124 383 2156 ad
409 2125 517 2168 Epist.
544 2124 679 2163 xvul,
707 2136 735 2155 v.
762 2124 815 2156 56.
841 2143 883 2148 -—
907 2135 947 2155 v.-
971 2126 1024 2166 29.
1052 2123 1167 2157 codd.
1191 2127 1302 2160 varie:
1326 2125 1404 2171 ἀι]-

82 2165 210 2209 suda,
232 2166 429 2212 dgffmada,
452 2168 609 2214 desuda,
631 2167 810 2213 affusadtt.
835 2167 916 2201 vid.
938 2170 1049 2203 Banu.
1063 2176 1110 2204 *et
1140 2171 1221 2204 fea.
