1526 2404
450 170 679 199 cnutum:
706 172 792 198 un.
817 158 899 209 IV,
928 173 966 211 7.
1321 169 1395 211 ¹29

580 284 766 325 CAmn
803 285 892 327 Vn.

449 370 538 409 AD
574 369 1017 432 TORQUATUM.

144 454 313 487 Hortatur
334 451 576 496 Torquatum,
606 459 648 489 ut
678 465 788 488 verno
814 457 882 488 iam
915 460 1082 499 tempore
1106 453 1226 487 dulcia
1250 459 1395 498 carpat,

79 510 161 534 cum
182 500 273 532 vitae
295 499 448 543 spatium
474 503 510 530 et
533 498 641 532 breve
665 501 712 532 sit
732 506 770 533 et
791 501 978 534 incertum.

78 588 241 623 ineu-um
263 586 519 621 Archilochium
542 588 716 633 primum,
750 589 852 636 quod
879 590 1078 623 hexametro
1101 589 1239 622 hemico
1259 597 1399 621 constat

494 641 528 665 et
546 633 805 678 penthemimere*
823 634 974 668 heroica.

78 710 308 768 Diffugere
329 711 471 762 nives,
497 711 679 753 redeunt
706 714 788 754 iam
814 715 1001 769 gramina
1027 714 1205 768 campis,

131 764 457 819 Arboribusque
484 778 652 816 comae3

79 821 214 859 Mutat
239 826 355 857 terra
382 817 522 867 vices,
551 826 596 864 et
622 819 908 861 decrescentia
934 821 1046 875 ripas
1090 844 1094 847 .

132 871 324 910 Flumina
351 878 645 923 praetereunt3

81 924 225 964 Gratia
251 936 346 962 cum
375 923 574 977 Nymphis
602 925 865 981 geminisque
897 928 1114 968 sororibus
1144 927 1271 968 audet
1376 929 1402 967 5

133 978 305 1016 Ducere
332 976 444 1015 nuda
471 976 636 1017 choros.

83 1029 336 1069 Immortalia
362 1042 416 1068 ne
444 1043 615 1082 speres,
639 1040 785 1071 monet
810 1032 956 1073 Annus
985 1042 1029 1074 et
1056 1035 1210 1074 almum

137 1083 259 1141 Quae
286 1082 395 1142 rapit
422 1083 540 1121 Hora
568 1083 690 1123 diem.

79 1135 260 1189 Frigora
285 1143 507 1174 m1tescunt
536 1136 762 1191 Zephyris,
791 1139 882 1180 Ver
906 1140 1089 1192 proterit
1113 1140 1287 1190 Aestas,

133 1189 378 1237 Interitura,
406 1188 528 1227 simul
1356 1206 1403 1232 ιο

80 1241 273 1285 Pomifer
297 1241 557 1281 Auctumnus
586 1242 735 1298 fruges
760 1244 984 1296 effuderit,
1014 1253 1058 1285 et
1082 1259 1183 1286 mox

137 1297 296 1334 Bruma
322 1295 504 1334 recurrit
530 1295 653 1336 iners.

83 1349 245 1387 Damna
270 1355 409 1386 tamen
436 1347 598 1392 celeres
624 1359 822 1404 reparant
849 1352 1050 1391 coelestia
1075 1352 1219 1392 lunae:

134 1402 243 1451 Nos,
270 1400 343 1439 ubi
370 1400 622 1452 decidimus,
1115 1447 1119 1450 ,

85 1449 183 1515 Quo
211 1461 333 1506 pater
358 1453 544 1504 Aeneas,
573 1469 657 1510 quo
687 1456 805 1497 dives
833 1457 981 1497 Tullus
1011 1465 1055 1498 et
1081 1459 1246 1509 Ancus,
1358 1459 1404 1498 15

134 1506 279 1546 Pulvis
309 1513 351 1544 et
378 1505 526 1545 umbra
550 1522 705 1549 sumus.

25 1593 30 1601 .
84 1559 190 1618 Quis
216 1558 315 1607 scit,
344 1572 394 1597 an
420 1559 609 1600 adiiciant
634 1562 862 1602 hodiernae
890 1564 1067 1604 crastina
1093 1578 1278 1604 summae

139 1613 350 1664 Tempora
376 1611 434 1650 Di
459 1626 507 1650 su
540 1612 631 1652 eri?

86 1665 244 1704 Cuncta
270 1677 412 1702 manus
441 1665 507 1703 avi
538 1679 579 1704 as
608 1666 774 1721 fugient
794 1668 987 1719 heredis,
1018 1670 1150 1710 amico

139 1717 259 1777 Quae
288 1716 454 1755 dederis
486 1718 634 1758 animo.
1348 1736 1399 1762 20

86 1769 228 1832 Quum
254 1769 385 1808 semel
408 1770 633 1822 occideris,
661 1780 705 1811 et
731 1773 784 1812 de
810 1781 854 1813 te
881 1774 1098 1827 splendida
1122 1774 1258 1815 Minos

139 1823 308 1862 Fecerit
338 1821 532 1861 arbitria:

84 1876 201 1925 Non,
231 1877 470 1929 Torquate,
499 1889 654 1929 genus,
681 1891 767 1917 non
792 1886 835 1919 te
862 1877 1078 1931 facundia,
1104 1894 1189 1920 non
1216 1889 1259 1920 te

137 1929 349 1968 Restituet
384 1929 530 1982 pietas.

158 2104 248 2146 VII,
271 2116 302 2138 v.
317 2115 349 2147 7.
372 2104 489 2138 album
508 2102 626 2138 codd.
642 2103 807 2136 Torreat.
823 2102 879 2138 Cf.
894 2104 1006 2138 Bentl.
1022 2124 1069 2132 ——
1093 2119 1122 2140 ν.
1138 2112 1189 2144 15.
1214 2110 1271 2144 Ita
1285 2110 1401 2144 Bentl.

89 2158 111 2182 ,ο
132 2149 292 2192 plurimis
315 2155 353 2184 et
374 2151 517 2194 optimis
533 2147 653 2183 codd.
681 2147 797 2193 Vulgo
810 2152 892 2195 pizu
906 2153 1049 2184 Aeneas.
1074 2151 1146 2188 Pro
1168 2154 1262 2188 dives
1283 2155 1400 2190 Bentl.

91 2195 185 2228 coni.
208 2205 353 2238 pauper.
379 2194 452 2230 Sed
476 2195 530 2228 Cf.
554 2197 581 2228 F
585 2205 637 2228 ea.
1201 2205 1210 2216 '

131 2247 252 2280 Horat.
278 2247 306 2280 1.
1085 2253 1111 2293 9
