<?xml version="1.0" encoding="UTF-8"?>
<!DOCTYPE html PUBLIC "-//W3C//DTD XHTML 1.0 Transitional//EN"
    "http://www.w3.org/TR/xhtml1/DTD/xhtml1-transitional.dtd">
<html xmlns="http://www.w3.org/1999/xhtml" xml:lang="en" lang="en">
 <head>
  <title>
</title>
<meta http-equiv="Content-Type" content="text/html;charset=utf-8" />
  <meta name='ocr-system' content='tesseract 3.04.00' />
  <meta name='ocr-capabilities' content='ocr_page ocr_carea ocr_par ocr_line ocrx_word'/>
</head>
<body>
  <div class='ocr_page' id='page_1' title='image "./operaomnia01horauoft_0331.png"; bbox 0 0 1526 2404; ppageno 0'>
   <div class='ocr_carea' id='block_1_1' title="bbox 403 163 440 171">
    <p class='ocr_par' dir='ltr' id='par_1_1' title="bbox 403 163 440 171">
     <span class='ocr_line' id='line_1_1' title="bbox 403 163 440 171; baseline 0 0"><span class='ocrx_word' id='word_1_1' title='bbox 403 163 440 171; x_wconf 65' lang='lat'><strong>&#39;&#39;-</strong></span> 
     </span>
    </p>
   </div>
   <div class='ocr_carea' id='block_1_2' title="bbox 451 165 1406 235">
    <p class='ocr_par' dir='ltr' id='par_1_2' title="bbox 451 165 1406 235">
     <span class='ocr_line' id='line_1_2' title="bbox 451 165 1406 235; baseline -0.003 -12"><span class='ocrx_word' id='word_1_2' title='bbox 451 165 464 170; x_wconf 46' lang='lat'><strong>⁹</strong></span> <span class='ocrx_word' id='word_1_3' title='bbox 487 192 743 223; x_wconf 68' lang='lat' dir='ltr'><strong>EPISTOt-An.</strong></span> <span class='ocrx_word' id='word_1_4' title='bbox 768 192 856 222; x_wconf 75' lang='lat' dir='ltr'><strong>un.</strong></span> <span class='ocrx_word' id='word_1_5' title='bbox 880 180 940 234; x_wconf 83' lang='lat'><strong>11,</strong></span> <span class='ocrx_word' id='word_1_6' title='bbox 957 189 1009 221; x_wconf 42' lang='grc' dir='ltr'><strong>ῖς.</strong></span> <span class='ocrx_word' id='word_1_7' title='bbox 1116 232 1117 235; x_wconf 9' lang='lat'>¹</span> <span class='ocrx_word' id='word_1_8' title='bbox 1329 180 1406 228; x_wconf 70' lang='lat'><strong>155</strong></span> 
     </span>
    </p>
   </div>
   <div class='ocr_carea' id='block_1_3' title="bbox 66 285 1404 1771">
    <p class='ocr_par' dir='ltr' id='par_1_3' title="bbox 66 285 1404 1771">
     <span class='ocr_line' id='line_1_3' title="bbox 85 285 1198 340; baseline -0.002 -13"><span class='ocrx_word' id='word_1_9' title='bbox 85 286 188 328; x_wconf 77' lang='lat' dir='ltr'><strong>Hie-</strong></span> <span class='ocrx_word' id='word_1_10' title='bbox 201 290 391 329; x_wconf 77' lang='lat' dir='ltr'><strong>extremo</strong></span> <span class='ocrx_word' id='word_1_11' title='bbox 421 286 465 327; x_wconf 88' lang='lat' dir='ltr'><strong>in</strong></span> <span class='ocrx_word' id='word_1_12' title='bbox 497 286 731 339; x_wconf 78' lang='lat' dir='ltr'><strong>Aventino,</strong></span> <span class='ocrx_word' id='word_1_13' title='bbox 760 285 958 328; x_wconf 77' lang='lat' dir='ltr'><strong>visendus</strong></span> <span class='ocrx_word' id='word_1_14' title='bbox 987 292 1198 340; x_wconf 80' lang='lat' dir='ltr'><strong>uterque3</strong></span> 
     </span>
     <span class='ocr_line' id='line_1_4' title="bbox 85 339 1404 394; baseline 0.002 -15"><span class='ocrx_word' id='word_1_15' title='bbox 85 340 307 394; x_wconf 60' lang='lat' dir='ltr'><strong>Intervplla</strong></span> <span class='ocrx_word' id='word_1_16' title='bbox 337 340 457 382; x_wconf 83' lang='lat' dir='ltr'><strong>vides</strong></span> <span class='ocrx_word' id='word_1_17' title='bbox 488 339 666 379; x_wconf 83' lang='lat' dir='ltr'><strong>humane</strong></span> <span class='ocrx_word' id='word_1_18' title='bbox 698 340 930 381; x_wconf 83' lang='lat' dir='ltr'><strong>commoda.</strong></span> <span class='ocrx_word' id='word_1_19' title='bbox 958 363 1014 370; x_wconf 90' lang='lat'><strong>—-</strong></span> <span class='ocrx_word' id='word_1_20' title='bbox 1044 340 1207 380; x_wconf 85' lang='lat' dir='ltr'><strong>Verum</strong></span> <span class='ocrx_word' id='word_1_21' title='bbox 1349 351 1404 393; x_wconf 86' lang='lat'><strong>70</strong></span> 
     </span>
     <span class='ocr_line' id='line_1_5' title="bbox 84 391 1374 443; baseline 0.002 -11"><span class='ocrx_word' id='word_1_22' title='bbox 84 393 224 434; x_wconf 78' lang='lat' dir='ltr'><strong>Purae</strong></span> <span class='ocrx_word' id='word_1_23' title='bbox 254 401 350 434; x_wconf 79' lang='lat' dir='ltr'><strong>sunt</strong></span> <span class='ocrx_word' id='word_1_24' title='bbox 414 393 568 443; x_wconf 84' lang='lat' dir='ltr'><strong>lateae,</strong></span> <span class='ocrx_word' id='word_1_25' title='bbox 599 392 700 432; x_wconf 84' lang='lat' dir='ltr'>nihil</span> <span class='ocrx_word' id='word_1_26' title='bbox 730 400 781 434; x_wconf 90' lang='lat' dir='ltr'><strong>ut</strong></span> <span class='ocrx_word' id='word_1_27' title='bbox 810 391 1104 432; x_wconf 78' lang='lat' dir='ltr'><strong>meditantibus</strong></span> <span class='ocrx_word' id='word_1_28' title='bbox 1136 391 1289 434; x_wconf 84' lang='lat' dir='ltr'><strong>obstet.</strong></span> <span class='ocrx_word' id='word_1_29' title='bbox 1317 416 1374 428; x_wconf 84' lang='lat'><strong>-·</strong></span> 
     </span>
     <span class='ocr_line' id='line_1_6' title="bbox 85 407 1163 507; baseline -0.003 -21"><span class='ocrx_word' id='word_1_30' title='bbox 85 444 272 489; x_wconf 73' lang='lat' dir='ltr'><strong>Festinat</strong></span> <span class='ocrx_word' id='word_1_31' title='bbox 304 407 461 486; x_wconf 57' lang='lat' dir='ltr'><strong>caligas</strong></span> <span class='ocrx_word' id='word_1_32' title='bbox 491 437 619 485; x_wconf 78' lang='lat' dir='ltr'><strong>mulis‘</strong></span> <span class='ocrx_word' id='word_1_33' title='bbox 646 445 903 507; x_wconf 70' lang='lat' dir='ltr'><strong>gerulisque</strong></span> <span class='ocrx_word' id='word_1_34' title='bbox 922 445 1163 494; x_wconf 79' lang='lat' dir='ltr'><strong>redemtor3</strong></span> 
     </span>
     <span class='ocr_line' id='line_1_7' title="bbox 85 497 1402 554; baseline 0.001 -17"><span class='ocrx_word' id='word_1_35' title='bbox 85 499 279 554; x_wconf 77' lang='lat' dir='ltr'><strong>Torquet</strong></span> <span class='ocrx_word' id='word_1_36' title='bbox 308 512 417 538; x_wconf 90' lang='lat' dir='ltr'><strong>nunc</strong></span> <span class='ocrx_word' id='word_1_37' title='bbox 449 498 488 538; x_wconf 82' lang='lat' dir='ltr'><strong>la</strong></span> <span class='ocrx_word' id='word_1_38' title='bbox 519 498 650 548; x_wconf 90' lang='lat' dir='ltr'><strong>idem,</strong></span> <span class='ocrx_word' id='word_1_39' title='bbox 688 512 797 538; x_wconf 90' lang='lat' dir='ltr'><strong>nunc</strong></span> <span class='ocrx_word' id='word_1_40' title='bbox 828 512 972 553; x_wconf 77' lang='lat' dir='ltr'><strong>ingens</strong></span> <span class='ocrx_word' id='word_1_41' title='bbox 1002 497 1190 537; x_wconf 84' lang='lat' dir='ltr'><strong>machina</strong></span> <span class='ocrx_word' id='word_1_42' title='bbox 1219 497 1402 554; x_wconf 82' lang='lat' dir='ltr'><strong>tignum3</strong></span> 
     </span>
     <span class='ocr_line' id='line_1_8' title="bbox 87 551 1128 597; baseline -0.002 -6"><span class='ocrx_word' id='word_1_43' title='bbox 87 552 242 597; x_wconf 85' lang='lat' dir='ltr'><strong>Tristia</strong></span> <span class='ocrx_word' id='word_1_44' title='bbox 272 551 457 592; x_wconf 81' lang='lat' dir='ltr'><strong>robustis</strong></span> <span class='ocrx_word' id='word_1_45' title='bbox 502 559 699 592; x_wconf 82' lang='lat' dir='ltr'><strong>notantur</strong></span> <span class='ocrx_word' id='word_1_46' title='bbox 727 551 879 591; x_wconf 78' lang='lat' dir='ltr'><strong>funera</strong></span> <span class='ocrx_word' id='word_1_47' title='bbox 938 551 1128 597; x_wconf 78' lang='lat' dir='ltr'><strong>laustri83</strong></span> 
     </span>
     <span class='ocr_line' id='line_1_9' title="bbox 83 603 1402 658; baseline 0 -14"><span class='ocrx_word' id='word_1_48' title='bbox 83 605 176 644; x_wconf 86' lang='lat' dir='ltr'><strong>Hac</strong></span> <span class='ocrx_word' id='word_1_49' title='bbox 208 604 374 644; x_wconf 77' lang='lat' dir='ltr'><strong>rabiosa</strong></span> <span class='ocrx_word' id='word_1_50' title='bbox 404 604 514 658; x_wconf 79' lang='lat' dir='ltr'><strong>fugit</strong></span> <span class='ocrx_word' id='word_1_51' title='bbox 546 605 680 655; x_wconf 84' lang='lat' dir='ltr'><strong>canis,</strong></span> <span class='ocrx_word' id='word_1_52' title='bbox 713 604 791 644; x_wconf 78' lang='lat' dir='ltr'><strong>hac</strong></span> <span class='ocrx_word' id='word_1_53' title='bbox 823 604 867 643; x_wconf 91' lang='lat' dir='ltr'><strong>lu</strong></span> <span class='ocrx_word' id='word_1_54' title='bbox 932 610 1027 644; x_wconf 76' lang='lat' dir='ltr'><strong>enta</strong></span> <span class='ocrx_word' id='word_1_55' title='bbox 1057 603 1143 642; x_wconf 90' lang='lat' dir='ltr'><strong>ruit</strong></span> <span class='ocrx_word' id='word_1_56' title='bbox 1172 615 1266 643; x_wconf 69' lang='lat' dir='ltr'><strong>sust</strong></span> <span class='ocrx_word' id='word_1_57' title='bbox 1348 603 1402 656; x_wconf 87' lang='lat'><strong>75</strong></span> 
     </span>
     <span class='ocr_line' id='line_1_10' title="bbox 82 657 1149 707; baseline -0.003 -11"><span class='ocrx_word' id='word_1_58' title='bbox 82 658 103 696; x_wconf 86' lang='grc' dir='ltr'>Ι</span> <span class='ocrx_word' id='word_1_59' title='bbox 134 670 264 707; x_wconf 92' lang='lat' dir='ltr'><strong>nunc,</strong></span> <span class='ocrx_word' id='word_1_60' title='bbox 298 665 342 696; x_wconf 90' lang='lat' dir='ltr'><strong>et</strong></span> <span class='ocrx_word' id='word_1_61' title='bbox 371 670 521 697; x_wconf 82' lang='lat' dir='ltr'><strong>versus</strong></span> <span class='ocrx_word' id='word_1_62' title='bbox 550 664 693 697; x_wconf 89' lang='lat' dir='ltr'><strong>tecum</strong></span> <span class='ocrx_word' id='word_1_63' title='bbox 723 657 927 697; x_wconf 86' lang='lat' dir='ltr'><strong>meditare</strong></span> <span class='ocrx_word' id='word_1_64' title='bbox 961 669 1149 696; x_wconf 82' lang='lat' dir='ltr'><strong>canoros.</strong></span> 
     </span>
     <span class='ocr_line' id='line_1_11' title="bbox 86 708 1403 763; baseline -0.002 -13"><span class='ocrx_word' id='word_1_65' title='bbox 86 708 351 763; x_wconf 82' lang='lat' dir='ltr'><strong>Scriptorum</strong></span> <span class='ocrx_word' id='word_1_66' title='bbox 382 709 535 750; x_wconf 87' lang='lat' dir='ltr'><strong>chorus</strong></span> <span class='ocrx_word' id='word_1_67' title='bbox 557 711 687 750; x_wconf 89' lang='lat' dir='ltr'><strong>omnis</strong></span> <span class='ocrx_word' id='word_1_68' title='bbox 710 718 818 750; x_wconf 84' lang='lat' dir='ltr'><strong>amat</strong></span> <span class='ocrx_word' id='word_1_69' title='bbox 847 723 1016 760; x_wconf 83' lang='lat' dir='ltr'><strong>nemus,</strong></span> <span class='ocrx_word' id='word_1_70' title='bbox 1048 716 1093 748; x_wconf 90' lang='lat' dir='ltr'><strong>et</strong></span> <span class='ocrx_word' id='word_1_71' title='bbox 1118 708 1229 763; x_wconf 83' lang='lat' dir='ltr'><strong>fugit</strong></span> <span class='ocrx_word' id='word_1_72' title='bbox 1248 708 1403 763; x_wconf 79' lang='lat' dir='ltr'><strong>urbes,</strong></span> 
     </span>
     <span class='ocr_line' id='line_1_12' title="bbox 83 762 1265 817; baseline 0 -15"><span class='ocrx_word' id='word_1_73' title='bbox 83 764 185 802; x_wconf 86' lang='lat' dir='ltr'><strong>Rite</strong></span> <span class='ocrx_word' id='word_1_74' title='bbox 220 763 348 802; x_wconf 88' lang='lat' dir='ltr'><strong>cliens</strong></span> <span class='ocrx_word' id='word_1_75' title='bbox 378 762 557 813; x_wconf 87' lang='lat' dir='ltr'><strong>Bacchi,</strong></span> <span class='ocrx_word' id='word_1_76' title='bbox 579 774 735 803; x_wconf 83' lang='lat' dir='ltr'><strong>&#39;somno</strong></span> <span class='ocrx_word' id='word_1_77' title='bbox 767 762 984 817; x_wconf 83' lang='lat' dir='ltr'><strong>gaudentis</strong></span> <span class='ocrx_word' id='word_1_78' title='bbox 1017 770 1062 802; x_wconf 89' lang='lat' dir='ltr'><strong>et</strong></span> <span class='ocrx_word' id='word_1_79' title='bbox 1090 762 1265 802; x_wconf 69' lang='lat' dir='ltr'><strong>umbrat</strong></span> 
     </span>
     <span class='ocr_line' id='line_1_13' title="bbox 87 814 1248 877; baseline -0.001 -23"><span class='ocrx_word' id='word_1_80' title='bbox 87 818 155 854; x_wconf 91' lang='lat' dir='ltr'><strong>Tu</strong></span> <span class='ocrx_word' id='word_1_81' title='bbox 184 829 252 855; x_wconf 92' lang='lat' dir='ltr'><strong>me</strong></span> <span class='ocrx_word' id='word_1_82' title='bbox 282 815 393 855; x_wconf 85' lang='lat' dir='ltr'><strong>inter</strong></span> <span class='ocrx_word' id='word_1_83' title='bbox 423 816 622 869; x_wconf 83' lang='lat' dir='ltr'><strong>strepitus</strong></span> <span class='ocrx_word' id='word_1_84' title='bbox 655 823 883 857; x_wconf 89' lang='lat' dir='ltr'><strong>nocturnos</strong></span> <span class='ocrx_word' id='word_1_85' title='bbox 916 823 1042 877; x_wconf 63' lang='lat' dir='ltr'><strong>atque</strong></span> <span class='ocrx_word' id='word_1_86' title='bbox 1076 814 1248 854; x_wconf 80' lang='lat' dir='ltr'><strong>diurnos</strong></span> 
     </span>
     <span class='ocr_line' id='line_1_14' title="bbox 86 866 1403 923; baseline 0.001 -14"><span class='ocrx_word' id='word_1_87' title='bbox 86 869 163 910; x_wconf 89' lang='lat' dir='ltr'><strong>Vis</strong></span> <span class='ocrx_word' id='word_1_88' title='bbox 195 882 368 919; x_wconf 89' lang='lat' dir='ltr'><strong>canere,</strong></span> <span class='ocrx_word' id='word_1_89' title='bbox 401 876 446 908; x_wconf 88' lang='lat' dir='ltr'><strong>et</strong></span> <span class='ocrx_word' id='word_1_90' title='bbox 475 876 689 908; x_wconf 82' lang='lat' dir='ltr'><strong>contracta</strong></span> <span class='ocrx_word' id='word_1_91' title='bbox 715 869 837 923; x_wconf 80' lang='lat' dir='ltr'><strong>sequi</strong></span> <span class='ocrx_word' id='word_1_92' title='bbox 866 868 1042 921; x_wconf 75' lang='lat' dir='ltr'><strong>vestigia</strong></span> <span class='ocrx_word' id='word_1_93' title='bbox 1070 866 1245 907; x_wconf 79' lang='lat' dir='ltr'><strong>vatum?</strong></span> <span class='ocrx_word' id='word_1_94' title='bbox 1349 869 1403 910; x_wconf 85' lang='lat'><strong>80</strong></span> 
     </span>
     <span class='ocr_line' id='line_1_15' title="bbox 84 919 1228 976; baseline -0.002 -15"><span class='ocrx_word' id='word_1_95' title='bbox 84 921 322 976; x_wconf 84' lang='lat' dir='ltr'><strong>Ingenium,</strong></span> <span class='ocrx_word' id='word_1_96' title='bbox 353 922 446 961; x_wconf 9' lang='lat' dir='ltr'><strong>sibi,</strong></span> <span class='ocrx_word' id='word_1_97' title='bbox 460 921 576 976; x_wconf 90' lang='lat' dir='ltr'><strong>quod</strong></span> <span class='ocrx_word' id='word_1_98' title='bbox 605 935 757 962; x_wconf 81' lang='lat' dir='ltr'><strong>vacuas</strong></span> <span class='ocrx_word' id='word_1_99' title='bbox 788 921 990 960; x_wconf 87' lang='lat' dir='ltr'><strong>desumsit</strong></span> <span class='ocrx_word' id='word_1_100' title='bbox 1019 919 1228 973; x_wconf 81' lang='lat' dir='ltr'><strong>Athenas,</strong></span> 
     </span>
     <span class='ocr_line' id='line_1_16' title="bbox 85 973 1132 1029; baseline -0.001 -16"><span class='ocrx_word' id='word_1_101' title='bbox 85 975 156 1013; x_wconf 86' lang='lat' dir='ltr'><strong>Et·</strong></span> <span class='ocrx_word' id='word_1_102' title='bbox 173 975 331 1014; x_wconf 49' lang='lat' dir='ltr'><strong>studiis*</strong></span> <span class='ocrx_word' id='word_1_103' title='bbox 345 988 471 1014; x_wconf 88' lang='lat' dir='ltr'><strong>annos</strong></span> <span class='ocrx_word' id='word_1_104' title='bbox 501 981 664 1027; x_wconf 88' lang='lat' dir='ltr'><strong>septem</strong></span> <span class='ocrx_word' id='word_1_105' title='bbox 695 974 835 1023; x_wconf 87' lang='lat' dir='ltr'><strong>dedit,</strong></span> <span class='ocrx_word' id='word_1_106' title='bbox 867 973 1132 1029; x_wconf 75' lang='lat' dir='ltr'><strong>insenuitque</strong></span> 
     </span>
     <span class='ocr_line' id='line_1_17' title="bbox 87 1026 1014 1078; baseline 0 -12"><span class='ocrx_word' id='word_1_107' title='bbox 87 1027 301 1067; x_wconf 81' lang='lat' dir='ltr'><strong>Libris&#39;et</strong></span> <span class='ocrx_word' id='word_1_108' title='bbox 329 1027 463 1078; x_wconf 84' lang='lat' dir='ltr'><strong>curis,</strong></span> <span class='ocrx_word' id='word_1_109' title='bbox 491 1034 626 1066; x_wconf 79' lang='lat' dir='ltr'><strong>statua</strong></span> <span class='ocrx_word' id='word_1_110' title='bbox 651 1027 896 1067; x_wconf 82' lang='lat' dir='ltr'><strong>taciturnius</strong></span> <span class='ocrx_word' id='word_1_111' title='bbox 927 1026 1014 1066; x_wconf 88' lang='lat' dir='ltr'><strong>exit</strong></span> 
     </span>
     <span class='ocr_line' id='line_1_18' title="bbox 86 1079 1353 1135; baseline 0.001 -17"><span class='ocrx_word' id='word_1_112' title='bbox 86 1080 368 1135; x_wconf 85' lang='lat' dir='ltr'><strong>Plerumque,</strong></span> <span class='ocrx_word' id='word_1_113' title='bbox 395 1088 440 1120; x_wconf 90' lang='lat' dir='ltr'><strong>et</strong></span> <span class='ocrx_word' id='word_1_114' title='bbox 468 1080 557 1119; x_wconf 87' lang='lat' dir='ltr'><strong>risu</strong></span> <span class='ocrx_word' id='word_1_115' title='bbox 581 1080 787 1134; x_wconf 87' lang='lat' dir='ltr'><strong>populum</strong></span> <span class='ocrx_word' id='word_1_116' title='bbox 818 1081 976 1135; x_wconf 83' lang='lat' dir='ltr'><strong>quatit:</strong></span> <span class='ocrx_word' id='word_1_117' title='bbox 1002 1079 1072 1119; x_wconf 88' lang='lat' dir='ltr'><strong>hic</strong></span> <span class='ocrx_word' id='word_1_118' title='bbox 1099 1092 1180 1134; x_wconf 83' lang='lat' dir='ltr'><strong>ego</strong></span> <span class='ocrx_word' id='word_1_119' title='bbox 1208 1093 1353 1123; x_wconf 82' lang='lat' dir='ltr'><strong>rerum</strong></span> 
     </span>
     <span class='ocr_line' id='line_1_19' title="bbox 86 1132 1403 1186; baseline 0.003 -15"><span class='ocrx_word' id='word_1_120' title='bbox 86 1132 304 1172; x_wconf 86' lang='lat' dir='ltr'><strong>Fluctibus</strong></span> <span class='ocrx_word' id='word_1_121' title='bbox 330 1133 373 1172; x_wconf 92' lang='lat' dir='ltr'><strong>in</strong></span> <span class='ocrx_word' id='word_1_122' title='bbox 401 1133 570 1183; x_wconf 86' lang='lat' dir='ltr'><strong>mediis,</strong></span> <span class='ocrx_word' id='word_1_123' title='bbox 602 1142 646 1173; x_wconf 85' lang='lat' dir='ltr'><strong>et</strong></span> <span class='ocrx_word' id='word_1_124' title='bbox 674 1133 993 1186; x_wconf 83' lang='lat' dir='ltr'><strong>tempestatibus</strong></span> <span class='ocrx_word' id='word_1_125' title='bbox 1019 1132 1137 1172; x_wconf 86' lang='lat' dir='ltr'><strong>urbis</strong></span> <span class='ocrx_word' id='word_1_126' title='bbox 1150 1162 1163 1182; x_wconf 90' lang='lat'>‚</span> <span class='ocrx_word' id='word_1_127' title='bbox 1238 1175 1244 1179; x_wconf 77' lang='grc'><strong>,</strong></span> <span class='ocrx_word' id='word_1_128' title='bbox 1349 1133 1403 1175; x_wconf 85' lang='grc'><strong>85</strong></span> 
     </span>
     <span class='ocr_line' id='line_1_20' title="bbox 85 1183 1248 1239; baseline 0 -13"><span class='ocrx_word' id='word_1_129' title='bbox 85 1185 231 1236; x_wconf 70' lang='lat' dir='ltr'><strong>Yerha</strong></span> <span class='ocrx_word' id='word_1_130' title='bbox 259 1185 375 1238; x_wconf 82' lang='lat' dir='ltr'><strong>lyrae</strong></span> <span class='ocrx_word' id='word_1_131' title='bbox 405 1193 572 1226; x_wconf 84' lang='lat' dir='ltr'><strong>motura</strong></span> <span class='ocrx_word' id='word_1_132' title='bbox 602 1200 750 1226; x_wconf 87' lang='lat' dir='ltr'><strong>sonum</strong></span> <span class='ocrx_word' id='word_1_133' title='bbox 786 1193 1038 1226; x_wconf 85' lang='lat' dir='ltr'><strong>connectere</strong></span> <span class='ocrx_word' id='word_1_134' title='bbox 1069 1183 1248 1239; x_wconf 79' lang='lat' dir='ltr'><strong>digner?</strong></span> 
     </span>
     <span class='ocr_line' id='line_1_21' title="bbox 66 1236 1158 1289; baseline 0.001 -12"><span class='ocrx_word' id='word_1_135' title='bbox 66 1238 238 1282; x_wconf 61' lang='lat' dir='ltr'><strong>,Frater</strong></span> <span class='ocrx_word' id='word_1_136' title='bbox 268 1246 359 1278; x_wconf 86' lang='lat' dir='ltr'><strong>erat</strong></span> <span class='ocrx_word' id='word_1_137' title='bbox 384 1240 544 1279; x_wconf 83' lang='lat' dir='ltr'><strong>Romae</strong></span> <span class='ocrx_word' id='word_1_138' title='bbox 572 1238 750 1279; x_wconf 90' lang='lat' dir='ltr'><strong>consulti</strong></span> <span class='ocrx_word' id='word_1_139' title='bbox 774 1236 947 1289; x_wconf 90' lang='lat' dir='ltr'><strong>rhetor,</strong></span> <span class='ocrx_word' id='word_1_140' title='bbox 972 1247 1021 1278; x_wconf 93' lang='lat' dir='ltr'><strong>ut</strong></span> <span class='ocrx_word' id='word_1_141' title='bbox 1049 1238 1158 1278; x_wconf 82' lang='lat' dir='ltr'><strong>alter</strong></span> 
     </span>
     <span class='ocr_line' id='line_1_22' title="bbox 85 1291 1107 1342; baseline 0.002 -13"><span class='ocrx_word' id='word_1_142' title='bbox 85 1291 272 1330; x_wconf 88' lang='lat' dir='ltr'><strong>Alterius</strong></span> <span class='ocrx_word' id='word_1_143' title='bbox 304 1305 498 1332; x_wconf 86' lang='lat' dir='ltr'><strong>sermone</strong></span> <span class='ocrx_word' id='word_1_144' title='bbox 529 1306 670 1332; x_wconf 86' lang='lat' dir='ltr'><strong>meros</strong></span> <span class='ocrx_word' id='word_1_145' title='bbox 703 1291 868 1331; x_wconf 77' lang='lat' dir='ltr'><strong>audiret</strong></span> <span class='ocrx_word' id='word_1_146' title='bbox 899 1291 1107 1342; x_wconf 84' lang='lat' dir='ltr'><strong>honore83</strong></span> 
     </span>
     <span class='ocr_line' id='line_1_23' title="bbox 92 1343 1268 1394; baseline 0.002 -12"><span class='ocrx_word' id='word_1_147' title='bbox 92 1343 306 1384; x_wconf 81' lang='lat' dir='ltr'><strong>Gracchus</strong></span> <span class='ocrx_word' id='word_1_148' title='bbox 336 1352 385 1383; x_wconf 90' lang='lat' dir='ltr'><strong>ut</strong></span> <span class='ocrx_word' id='word_1_149' title='bbox 409 1344 477 1384; x_wconf 84' lang='lat' dir='ltr'><strong>hic</strong></span> <span class='ocrx_word' id='word_1_150' title='bbox 506 1345 567 1384; x_wconf 84' lang='lat' dir='ltr'><strong>illi</strong></span> <span class='ocrx_word' id='word_1_151' title='bbox 598 1345 738 1394; x_wconf 85' lang='lat' dir='ltr'><strong>foret,</strong></span> <span class='ocrx_word' id='word_1_152' title='bbox 780 1344 879 1384; x_wconf 91' lang='lat' dir='ltr'><strong>huic</strong></span> <span class='ocrx_word' id='word_1_153' title='bbox 909 1352 958 1384; x_wconf 92' lang='lat' dir='ltr'><strong>ut</strong></span> <span class='ocrx_word' id='word_1_154' title='bbox 987 1345 1151 1384; x_wconf 80' lang='lat' dir='ltr'><strong>Mucius</strong></span> <span class='ocrx_word' id='word_1_155' title='bbox 1182 1343 1268 1384; x_wconf 91' lang='lat' dir='ltr'><strong>ille.</strong></span> 
     </span>
     <span class='ocr_line' id='line_1_24' title="bbox 137 1396 1403 1459; baseline 0.002 -24"><span class='ocrx_word' id='word_1_156' title='bbox 137 1399 183 1435; x_wconf 82' lang='lat' dir='ltr'><strong>ui</strong></span> <span class='ocrx_word' id='word_1_157' title='bbox 206 1397 339 1436; x_wconf 82' lang='lat' dir='ltr'><strong>minus</strong></span> <span class='ocrx_word' id='word_1_158' title='bbox 371 1407 541 1451; x_wconf 84' lang='lat' dir='ltr'><strong>argutos</strong></span> <span class='ocrx_word' id='word_1_159' title='bbox 575 1405 696 1437; x_wconf 82' lang='lat' dir='ltr'><strong>vexat</strong></span> <span class='ocrx_word' id='word_1_160' title='bbox 726 1397 852 1437; x_wconf 90' lang='lat' dir='ltr'><strong>suror</strong></span> <span class='ocrx_word' id='word_1_161' title='bbox 882 1397 962 1437; x_wconf 90' lang='lat' dir='ltr'><strong>iste</strong></span> <span class='ocrx_word' id='word_1_162' title='bbox 992 1396 1173 1459; x_wconf 60' lang='lat' dir='ltr'><strong>poetas?</strong></span> <span class='ocrx_word' id='word_1_163' title='bbox 1351 1409 1403 1453; x_wconf 88' lang='lat'><strong>90</strong></span> 
     </span>
     <span class='ocr_line' id='line_1_25' title="bbox 124 1449 1180 1504; baseline 0.003 -17"><span class='ocrx_word' id='word_1_164' title='bbox 124 1449 276 1488; x_wconf 85' lang='lat' dir='ltr'><strong>armina</strong></span> <span class='ocrx_word' id='word_1_165' title='bbox 308 1464 539 1503; x_wconf 90' lang='lat' dir='ltr'><strong>compono,</strong></span> <span class='ocrx_word' id='word_1_166' title='bbox 566 1450 635 1490; x_wconf 88' lang='lat' dir='ltr'><strong>hic</strong></span> <span class='ocrx_word' id='word_1_167' title='bbox 663 1451 831 1504; x_wconf 84' lang='lat' dir='ltr'><strong>elegos;</strong></span> <span class='ocrx_word' id='word_1_168' title='bbox 864 1451 1054 1490; x_wconf 88' lang='lat' dir='ltr'><strong>mirab1le</strong></span> <span class='ocrx_word' id='word_1_169' title='bbox 1086 1450 1180 1490; x_wconf 83' lang='lat' dir='ltr'><strong>visu</strong></span> 
     </span>
     <span class='ocr_line' id='line_1_26' title="bbox 88 1501 1341 1557; baseline 0.001 -17"><span class='ocrx_word' id='word_1_170' title='bbox 88 1501 386 1556; x_wconf 84' lang='lat' dir='ltr'><strong>Caelatumque</strong></span> <span class='ocrx_word' id='word_1_171' title='bbox 412 1518 564 1543; x_wconf 85' lang='lat' dir='ltr'><strong>novem</strong></span> <span class='ocrx_word' id='word_1_172' title='bbox 594 1503 720 1542; x_wconf 86' lang='lat' dir='ltr'><strong>Musis</strong></span> <span class='ocrx_word' id='word_1_173' title='bbox 754 1517 872 1556; x_wconf 90' lang='lat' dir='ltr'><strong>opus.</strong></span> <span class='ocrx_word' id='word_1_174' title='bbox 927 1503 1111 1557; x_wconf 83' lang='lat' dir='ltr'><strong>Adspice</strong></span> <span class='ocrx_word' id='word_1_175' title='bbox 1137 1503 1341 1556; x_wconf 89' lang='lat' dir='ltr'><strong>primum,</strong></span> 
     </span>
     <span class='ocr_line' id='line_1_27' title="bbox 90 1554 1184 1615; baseline 0.004 -23"><span class='ocrx_word' id='word_1_176' title='bbox 90 1554 261 1615; x_wconf 81' lang='lat' dir='ltr'><strong>Quanto</strong></span> <span class='ocrx_word' id='word_1_177' title='bbox 290 1568 383 1593; x_wconf 89' lang='lat' dir='ltr'><strong>cum</strong></span> <span class='ocrx_word' id='word_1_178' title='bbox 414 1555 527 1595; x_wconf 85' lang='lat' dir='ltr'><strong>fastu</strong></span> <span class='ocrx_word' id='word_1_179' title='bbox 540 1587 551 1606; x_wconf 94' lang='lat'><strong>,</strong></span> <span class='ocrx_word' id='word_1_180' title='bbox 583 1563 737 1610; x_wconf 77' lang='lat' dir='ltr'><strong>quanto</strong></span> <span class='ocrx_word' id='word_1_181' title='bbox 763 1556 973 1595; x_wconf 88' lang='lat' dir='ltr'><strong>molimine</strong></span> <span class='ocrx_word' id='word_1_182' title='bbox 1006 1557 1184 1596; x_wconf 87' lang='lat' dir='ltr'><strong>circum-</strong></span> 
     </span>
     <span class='ocr_line' id='line_1_28' title="bbox 84 1608 1143 1659; baseline 0.003 -13"><span class='ocrx_word' id='word_1_183' title='bbox 84 1608 333 1659; x_wconf 86' lang='lat' dir='ltr'><strong>Spectemus</strong></span> <span class='ocrx_word' id='word_1_184' title='bbox 367 1621 539 1647; x_wconf 75' lang='lat' dir='ltr'><strong>vacuam</strong></span> <span class='ocrx_word' id='word_1_185' title='bbox 565 1608 762 1648; x_wconf 85' lang='lat' dir='ltr'><strong>Romanis</strong></span> <span class='ocrx_word' id='word_1_186' title='bbox 795 1608 960 1647; x_wconf 77' lang='lat' dir='ltr'><strong>vatibus</strong></span> <span class='ocrx_word' id='word_1_187' title='bbox 980 1610 1143 1649; x_wconf 88' lang='lat' dir='ltr'><strong>aedem.</strong></span> 
     </span>
     <span class='ocr_line' id='line_1_29' title="bbox 86 1659 1402 1716; baseline 0.002 -18"><span class='ocrx_word' id='word_1_188' title='bbox 86 1661 185 1699; x_wconf 83' lang='lat' dir='ltr'><strong>Mox</strong></span> <span class='ocrx_word' id='word_1_189' title='bbox 207 1659 354 1708; x_wconf 84' lang='lat' dir='ltr'><strong>etiam,</strong></span> <span class='ocrx_word' id='word_1_190' title='bbox 382 1660 417 1699; x_wconf 87' lang='lat' dir='ltr'><strong>si</strong></span> <span class='ocrx_word' id='word_1_191' title='bbox 439 1661 553 1701; x_wconf 82' lang='lat' dir='ltr'><strong>forte</strong></span> <span class='ocrx_word' id='word_1_192' title='bbox 573 1674 716 1709; x_wconf 80' lang='lat' dir='ltr'><strong>vacas,</strong></span> <span class='ocrx_word' id='word_1_193' title='bbox 744 1673 923 1713; x_wconf 87' lang='lat' dir='ltr'><strong>sequere</strong></span> <span class='ocrx_word' id='word_1_194' title='bbox 937 1691 949 1711; x_wconf 92' lang='lat'><strong>,</strong></span> <span class='ocrx_word' id='word_1_195' title='bbox 980 1670 1024 1701; x_wconf 89' lang='lat' dir='ltr'><strong>et</strong></span> <span class='ocrx_word' id='word_1_196' title='bbox 1044 1661 1196 1716; x_wconf 87' lang='lat' dir='ltr'><strong>proc-ul</strong></span> <span class='ocrx_word' id='word_1_197' title='bbox 1217 1661 1324 1712; x_wconf 86' lang='lat' dir='ltr'><strong>audi,</strong></span> <span class='ocrx_word' id='word_1_198' title='bbox 1350 1661 1402 1716; x_wconf 88' lang='lat'><strong>95</strong></span> 
     </span>
     <span class='ocr_line' id='line_1_30' title="bbox 89 1711 1304 1771; baseline 0.001 -19"><span class='ocrx_word' id='word_1_199' title='bbox 89 1712 204 1771; x_wconf 82' lang='lat' dir='ltr'><strong>Quid</strong></span> <span class='ocrx_word' id='word_1_200' title='bbox 235 1711 347 1751; x_wconf 86' lang='lat' dir='ltr'><strong>ferat</strong></span> <span class='ocrx_word' id='word_1_201' title='bbox 373 1720 417 1752; x_wconf 89' lang='lat' dir='ltr'><strong>et</strong></span> <span class='ocrx_word' id='word_1_202' title='bbox 443 1727 574 1768; x_wconf 81' lang='lat' dir='ltr'><strong>quare</strong></span> <span class='ocrx_word' id='word_1_203' title='bbox 602 1713 682 1753; x_wconf 89' lang='lat' dir='ltr'><strong>sibi</strong></span> <span class='ocrx_word' id='word_1_204' title='bbox 710 1720 850 1752; x_wconf 79' lang='lat' dir='ltr'><strong>nectat</strong></span> <span class='ocrx_word' id='word_1_205' title='bbox 880 1721 1061 1769; x_wconf 86' lang='lat' dir='ltr'><strong>uterque</strong></span> <span class='ocrx_word' id='word_1_206' title='bbox 1094 1729 1304 1755; x_wconf 84' lang='lat' dir='ltr'><strong>coronam.</strong></span> 
     </span>
    </p>
   </div>
   <div class='ocr_carea' id='block_1_4' title="bbox 89 1813 250 1821">
    <p class='ocr_par' dir='ltr' id='par_1_4' title="bbox 89 1813 250 1821">
     <span class='ocr_line' id='line_1_31' title="bbox 89 1813 250 1821; baseline 0 583"><span class='ocrx_word' id='word_1_207' title='bbox 89 1813 250 1821; x_wconf 95' lang='lat' dir='ltr'><strong> </strong></span> 
     </span>
    </p>
   </div>
   <div class='ocr_carea' id='block_1_5' title="bbox 260 1813 350 1822">
    <p class='ocr_par' dir='ltr' id='par_1_5' title="bbox 260 1813 350 1822">
     <span class='ocr_line' id='line_1_32' title="bbox 260 1813 350 1822; baseline 0 582"><span class='ocrx_word' id='word_1_208' title='bbox 260 1813 350 1822; x_wconf 95' lang='lat' dir='ltr'><strong> </strong></span> 
     </span>
    </p>
   </div>
   <div class='ocr_carea' id='block_1_6' title="bbox 86 1867 1403 2188">
    <p class='ocr_par' dir='ltr' id='par_1_6' title="bbox 86 1867 1403 2188">
     <span class='ocr_line' id='line_1_33' title="bbox 86 1867 1403 1919; baseline 0.002 -15"><span class='ocrx_word' id='word_1_209' title='bbox 86 1890 132 1897; x_wconf 90' lang='lat'>—</span> <span class='ocrx_word' id='word_1_210' title='bbox 151 1883 189 1904; x_wconf 87' lang='lat' dir='ltr'><strong>v.</strong></span> <span class='ocrx_word' id='word_1_211' title='bbox 215 1882 269 1914; x_wconf 87' lang='lat'><strong>7¹-</strong></span> <span class='ocrx_word' id='word_1_212' title='bbox 293 1870 383 1903; x_wconf 78' lang='lat' dir='ltr'><strong>obsit</strong></span> <span class='ocrx_word' id='word_1_213' title='bbox 409 1871 481 1904; x_wconf 84' lang='lat' dir='ltr'><strong>duo</strong></span> <span class='ocrx_word' id='word_1_214' title='bbox 505 1871 623 1905; x_wconf 90' lang='lat' dir='ltr'><strong>Codd.</strong></span> <span class='ocrx_word' id='word_1_215' title='bbox 650 1872 761 1917; x_wconf 87' lang='lat' dir='ltr'><strong>Cruq.</strong></span> <span class='ocrx_word' id='word_1_216' title='bbox 782 1872 866 1907; x_wconf 87' lang='lat' dir='ltr'><strong>Vid.</strong></span> <span class='ocrx_word' id='word_1_217' title='bbox 889 1874 973 1909; x_wconf 83' lang='lat' dir='ltr'><strong>Fea.</strong></span> <span class='ocrx_word' id='word_1_218' title='bbox 993 1894 1039 1901; x_wconf 89' lang='lat'>—</span> <span class='ocrx_word' id='word_1_219' title='bbox 1058 1886 1097 1908; x_wconf 87' lang='lat' dir='ltr'><strong>v.</strong></span> <span class='ocrx_word' id='word_1_220' title='bbox 1122 1867 1290 1919; x_wconf 73' lang='lat' dir='ltr'><strong>75-surit</strong></span> <span class='ocrx_word' id='word_1_221' title='bbox 1305 1875 1403 1906; x_wconf 82' lang='lat' dir='ltr'><strong>canis</strong></span> 
     </span>
     <span class='ocr_line' id='line_1_34' title="bbox 88 1916 1403 1963; baseline 0.002 -15"><span class='ocrx_word' id='word_1_222' title='bbox 88 1917 161 1949; x_wconf 73' lang='lat' dir='ltr'><strong>Fen</strong></span> <span class='ocrx_word' id='word_1_223' title='bbox 185 1928 203 1950; x_wconf 83' lang='lat' dir='ltr'><strong>e</strong></span> <span class='ocrx_word' id='word_1_224' title='bbox 229 1917 346 1948; x_wconf 91' lang='lat' dir='ltr'><strong>Codd.</strong></span> <span class='ocrx_word' id='word_1_225' title='bbox 371 1917 426 1948; x_wconf 69' lang='grc' dir='ltr'><strong>(ΞΓ.</strong></span> <span class='ocrx_word' id='word_1_226' title='bbox 454 1916 550 1950; x_wconf 82' lang='lat' dir='ltr'><strong>lahn.</strong></span> <span class='ocrx_word' id='word_1_227' title='bbox 572 1936 619 1943; x_wconf 88' lang='lat'><strong>—</strong></span> <span class='ocrx_word' id='word_1_228' title='bbox 639 1930 677 1950; x_wconf 86' lang='lat' dir='ltr'><strong>v.</strong></span> <span class='ocrx_word' id='word_1_229' title='bbox 702 1920 758 1953; x_wconf 87' lang='lat'><strong>80.</strong></span> <span class='ocrx_word' id='word_1_230' title='bbox 782 1919 837 1951; x_wconf 86' lang='lat' dir='ltr'><strong>Ita</strong></span> <span class='ocrx_word' id='word_1_231' title='bbox 861 1920 1005 1963; x_wconf 78' lang='lat' dir='ltr'><strong>plurimi</strong></span> <span class='ocrx_word' id='word_1_232' title='bbox 1029 1920 1145 1956; x_wconf 82' lang='lat' dir='ltr'><strong>Codd.</strong></span> <span class='ocrx_word' id='word_1_233' title='bbox 1173 1928 1207 1952; x_wconf 84' lang='lat' dir='ltr'><strong>et</strong></span> <span class='ocrx_word' id='word_1_234' title='bbox 1234 1921 1403 1963; x_wconf 80' lang='lat' dir='ltr'><strong>antiquis-</strong></span> 
     </span>
     <span class='ocr_line' id='line_1_35' title="bbox 87 1961 1402 2010; baseline 0.002 -17"><span class='ocrx_word' id='word_1_235' title='bbox 87 1963 194 1994; x_wconf 77' lang='lat' dir='ltr'><strong>simae</strong></span> <span class='ocrx_word' id='word_1_236' title='bbox 222 1961 307 1994; x_wconf 80' lang='lat' dir='ltr'><strong>Edd.</strong></span> <span class='ocrx_word' id='word_1_237' title='bbox 334 1961 531 1993; x_wconf 79' lang='lat' dir='ltr'><strong>AliiCodd.</strong></span> <span class='ocrx_word' id='word_1_238' title='bbox 556 1970 735 2004; x_wconf 82' lang='lat' dir='ltr'><strong>contacta,</strong></span> <span class='ocrx_word' id='word_1_239' title='bbox 762 1975 853 2007; x_wconf 86' lang='lat' dir='ltr'><strong>quae</strong></span> <span class='ocrx_word' id='word_1_240' title='bbox 878 1965 987 1998; x_wconf 87' lang='lat' dir='ltr'><strong>lectio</strong></span> <span class='ocrx_word' id='word_1_241' title='bbox 1002 1971 1083 2010; x_wconf 81' lang='lat' dir='ltr'><strong>post</strong></span> <span class='ocrx_word' id='word_1_242' title='bbox 1099 1965 1306 1998; x_wconf 83' lang='lat' dir='ltr'><strong>Lambinum</strong></span> <span class='ocrx_word' id='word_1_243' title='bbox 1322 1965 1402 2008; x_wconf 91' lang='lat' dir='ltr'><strong>plu-</strong></span> 
     </span>
     <span class='ocr_line' id='line_1_36' title="bbox 87 2006 1401 2053; baseline 0.002 -15"><span class='ocrx_word' id='word_1_244' title='bbox 87 2007 192 2038; x_wconf 78' lang='lat' dir='ltr'><strong>rimas</strong></span> <span class='ocrx_word' id='word_1_245' title='bbox 219 2006 307 2038; x_wconf 87' lang='lat' dir='ltr'><strong>Edd.</strong></span> <span class='ocrx_word' id='word_1_246' title='bbox 327 2007 528 2050; x_wconf 79' lang='lat' dir='ltr'><strong>occupavit.</strong></span> <span class='ocrx_word' id='word_1_247' title='bbox 547 2007 723 2040; x_wconf 86' lang='lat' dir='ltr'><strong>Bentleius</strong></span> <span class='ocrx_word' id='word_1_248' title='bbox 742 2010 952 2042; x_wconf 83' lang='lat' dir='ltr'><strong>coniectura</strong></span> <span class='ocrx_word' id='word_1_249' title='bbox 969 2022 1042 2042; x_wconf 86' lang='lat' dir='ltr'><strong>non</strong></span> <span class='ocrx_word' id='word_1_250' title='bbox 1058 2018 1175 2050; x_wconf 79' lang='lat' dir='ltr'><strong>tacta,</strong></span> <span class='ocrx_word' id='word_1_251' title='bbox 1201 2021 1305 2053; x_wconf 83' lang='lat' dir='ltr'><strong>quem</strong></span> <span class='ocrx_word' id='word_1_252' title='bbox 1320 2011 1338 2040; x_wconf 59' lang='grc' dir='ltr'><strong>Χ</strong></span> <span class='ocrx_word' id='word_1_253' title='bbox 1353 2009 1401 2041; x_wconf 81' lang='lat' dir='ltr'><strong>id.</strong></span> 
     </span>
     <span class='ocr_line' id='line_1_37' title="bbox 88 2052 1400 2096; baseline 0.001 -12"><span class='ocrx_word' id='word_1_254' title='bbox 88 2052 225 2084; x_wconf 80' lang='lat' dir='ltr'><strong>collato</strong></span> <span class='ocrx_word' id='word_1_255' title='bbox 242 2052 325 2083; x_wconf 82' lang='lat' dir='ltr'><strong>Fea.</strong></span> <span class='ocrx_word' id='word_1_256' title='bbox 338 2071 381 2077; x_wconf 90' lang='lat'><strong>—-</strong></span> <span class='ocrx_word' id='word_1_257' title='bbox 393 2063 430 2083; x_wconf 89' lang='lat' dir='ltr'><strong>v.</strong></span> <span class='ocrx_word' id='word_1_258' title='bbox 447 2061 503 2094; x_wconf 87' lang='lat'><strong>90.</strong></span> <span class='ocrx_word' id='word_1_259' title='bbox 519 2053 593 2093; x_wconf 82' lang='lat' dir='ltr'><strong>Qui</strong></span> <span class='ocrx_word' id='word_1_260' title='bbox 603 2052 743 2084; x_wconf 81' lang='lat' dir='ltr'><strong>minus?</strong></span> <span class='ocrx_word' id='word_1_261' title='bbox 763 2056 923 2096; x_wconf 77' lang='lat' dir='ltr'><strong>Argutos</strong></span> <span class='ocrx_word' id='word_1_262' title='bbox 938 2061 1041 2087; x_wconf 65' lang='lat' dir='ltr'><strong>vexat</strong></span> <span class='ocrx_word' id='word_1_263' title='bbox 1052 2061 1120 2087; x_wconf 83' lang='lat' dir='ltr'><strong>etc.</strong></span> <span class='ocrx_word' id='word_1_264' title='bbox 1138 2055 1238 2087; x_wconf 81' lang='lat' dir='ltr'><strong>Both.</strong></span> <span class='ocrx_word' id='word_1_265' title='bbox 1257 2054 1327 2086; x_wconf 85' lang='lat' dir='ltr'><strong>Sed</strong></span> <span class='ocrx_word' id='word_1_266' title='bbox 1343 2052 1400 2086; x_wconf 85' lang='lat' dir='ltr'><strong>Cf.</strong></span> 
     </span>
     <span class='ocr_line' id='line_1_38' title="bbox 89 2095 1401 2142; baseline 0.003 -15"><span class='ocrx_word' id='word_1_267' title='bbox 89 2095 190 2128; x_wconf 83' lang='lat' dir='ltr'><strong>lahn.</strong></span> <span class='ocrx_word' id='word_1_268' title='bbox 213 2115 253 2121; x_wconf 87' lang='lat'><strong>—-·</strong></span> <span class='ocrx_word' id='word_1_269' title='bbox 269 2107 305 2128; x_wconf 86' lang='lat' dir='ltr'><strong>v.</strong></span> <span class='ocrx_word' id='word_1_270' title='bbox 321 2107 377 2139; x_wconf 76' lang='lat'><strong>92.</strong></span> <span class='ocrx_word' id='word_1_271' title='bbox 392 2096 651 2142; x_wconf 64' lang='lat' dir='ltr'><strong>Suet-almaque</strong></span> <span class='ocrx_word' id='word_1_272' title='bbox 662 2109 793 2129; x_wconf 76' lang='lat' dir='ltr'><strong>-novem</strong></span> <span class='ocrx_word' id='word_1_273' title='bbox 811 2098 915 2130; x_wconf 71' lang='lat' dir='ltr'><strong>alus.</strong></span> <span class='ocrx_word' id='word_1_274' title='bbox 931 2099 1045 2132; x_wconf 83' lang='lat' dir='ltr'><strong>Bentl.</strong></span> <span class='ocrx_word' id='word_1_275' title='bbox 1060 2101 1278 2139; x_wconf 80' lang='lat' dir='ltr'><strong>coniectura,</strong></span> <span class='ocrx_word' id='word_1_276' title='bbox 1296 2110 1401 2142; x_wconf 86' lang='lat' dir='ltr'><strong>quem</strong></span> 
     </span>
     <span class='ocr_line' id='line_1_39' title="bbox 91 2140 1401 2188; baseline 0.004 -17"><span class='ocrx_word' id='word_1_277' title='bbox 91 2140 146 2172; x_wconf 62' lang='grc' dir='ltr'><strong>(Χ.</strong></span> <span class='ocrx_word' id='word_1_278' title='bbox 166 2140 311 2173; x_wconf 85' lang='lat' dir='ltr'><strong>Bothius</strong></span> <span class='ocrx_word' id='word_1_279' title='bbox 332 2142 379 2174; x_wconf 82' lang='lat' dir='ltr'><strong>ita</strong></span> <span class='ocrx_word' id='word_1_280' title='bbox 397 2142 682 2184; x_wconf 81' lang='lat' dir='ltr'><strong>distinguendum</strong></span> <span class='ocrx_word' id='word_1_281' title='bbox 702 2148 843 2175; x_wconf 82' lang='lat' dir='ltr'><strong>censet:</strong></span> <span class='ocrx_word' id='word_1_282' title='bbox 869 2143 1035 2177; x_wconf 79' lang='lat' dir='ltr'><strong>Mirabile</strong></span> <span class='ocrx_word' id='word_1_283' title='bbox 1056 2146 1132 2176; x_wconf 81' lang='lat' dir='ltr'><strong>visu</strong></span> <span class='ocrx_word' id='word_1_284' title='bbox 1154 2144 1401 2188; x_wconf 72' lang='lat' dir='ltr'><strong>Cadmumque</strong></span> 
     </span>
    </p>
   </div>
   <div class='ocr_carea' id='block_1_7' title="bbox 90 2185 1399 2274">
    <p class='ocr_par' dir='ltr' id='par_1_7' title="bbox 90 2185 1399 2274">
     <span class='ocr_line' id='line_1_40' title="bbox 90 2185 1399 2232; baseline 0.005 -16"><span class='ocrx_word' id='word_1_285' title='bbox 90 2194 212 2216; x_wconf 79' lang='lat' dir='ltr'><strong>novem</strong></span> <span class='ocrx_word' id='word_1_286' title='bbox 232 2185 357 2218; x_wconf 70' lang='lat' dir='ltr'><strong>Inusis</strong></span> <span class='ocrx_word' id='word_1_287' title='bbox 379 2198 485 2231; x_wconf 78' lang='lat' dir='ltr'><strong>opus,</strong></span> <span class='ocrx_word' id='word_1_288' title='bbox 510 2187 628 2229; x_wconf 76' lang='lat' dir='ltr'><strong>aspice</strong></span> <span class='ocrx_word' id='word_1_289' title='bbox 646 2187 800 2232; x_wconf 82' lang='lat' dir='ltr'><strong>primum</strong></span> <span class='ocrx_word' id='word_1_290' title='bbox 822 2191 894 2221; x_wconf 77' lang='lat' dir='ltr'><strong>etc.</strong></span> <span class='ocrx_word' id='word_1_291' title='bbox 918 2188 1000 2222; x_wconf 65' lang='lat' dir='ltr'><strong>Vid-</strong></span> <span class='ocrx_word' id='word_1_292' title='bbox 1025 2190 1100 2224; x_wconf 74' lang='lat' dir='ltr'><strong>eius</strong></span> <span class='ocrx_word' id='word_1_293' title='bbox 1114 2190 1298 2223; x_wconf 80' lang='lat' dir='ltr'><strong>Annotatt.</strong></span> <span class='ocrx_word' id='word_1_294' title='bbox 1314 2189 1399 2222; x_wconf 78' lang='lat' dir='ltr'><strong>Fea.</strong></span> 
     </span>
     <span class='ocr_line' id='line_1_41' title="bbox 91 2230 610 2274; baseline 0.004 -12"><span class='ocrx_word' id='word_1_295' title='bbox 91 2245 136 2254; x_wconf 91' lang='lat'>—</span> <span class='ocrx_word' id='word_1_296' title='bbox 156 2239 195 2262; x_wconf 85' lang='lat' dir='ltr'><strong>v.</strong></span> <span class='ocrx_word' id='word_1_297' title='bbox 218 2230 276 2274; x_wconf 79' lang='grc'><strong>95.</strong></span> <span class='ocrx_word' id='word_1_298' title='bbox 303 2237 405 2264; x_wconf 75' lang='lat' dir='ltr'><strong>vacat</strong></span> <span class='ocrx_word' id='word_1_299' title='bbox 428 2231 495 2268; x_wconf 74' lang='lat' dir='ltr'><strong>fid.</strong></span> <span class='ocrx_word' id='word_1_300' title='bbox 517 2230 610 2264; x_wconf 85' lang='lat' dir='ltr'><strong>Ven.</strong></span> 
     </span>
    </p>
   </div>
  </div>
 </body>
</html>
