1526 2404
362 520 366 524 .
402 455 459 509 Q.
499 454 817 499 HORATH
867 454 1127 498 FLAcct

229 558 1288 630 „SERMONUM

591 706 726 740 LIBER
747 705 919 741 PRIMUS
926 730 937 739 .

649 891 815 931 Suum
844 892 880 931 1.

175 988 213 1021 Si
236 990 500 1034 comparaveris
525 989 616 1024 lianc
639 992 802 1033 satiram,
830 1001 912 1024 cum
930 989 1095 1034 plurimis
1111 988 1248 1022 Horatii
1272 989 1432 1032 reliquis,

108 1043 213 1076 quae,
234 1035 304 1066 etsi
326 1040 463 1068 temere
482 1036 580 1068 susae
603 1036 780 1078 videntur,
802 1036 894 1069 miro
916 1040 1037 1069 tamen
1055 1034 1182 1067 ordine
1202 1040 1237 1067 et
1261 1035 1433 1067 coniunc-

109 1080 211 1112 tione
234 1080 388 1122 partium
415 1081 620 1114 excellunt:
656 1081 763 1113 facile
797 1080 1008 1124 apparebit,
1040 1081 1195 1123 primum
1231 1079 1282 1110 ibi
1306 1079 1434 1111 fecisse

111 1124 257 1168 poetam
289 1125 325 1156 in
356 1124 428 1158 hoc
460 1135 592 1167 genere
624 1125 838 1170 periculum.
875 1125 1026 1156 Ineunte
1059 1125 1154 1156 enim
1186 1125 1293 1156 satira
1318 1128 1436 1155 totum

110 1174 354 1210 argumentum
383 1170 426 1202 iis
450 1170 609 1202 versibus
633 1170 829 1213 complecti
853 1169 1013 1209 videtur,
1046 1169 1175 1212 quibus
1209 1170 1348 1212 quaerit
1369 1177 1436 1200 cur

111 1223 218 1245 nemo
239 1224 302 1245 sua
319 1219 419 1247 sorte
445 1220 635 1247 contentus
660 1215 769 1255 vivat,
795 1215 900 1246 aliam
926 1218 1040 1258 optet.
1066 1214 1114 1250 V.
1146 1215 1240 1246 1-3.
1275 1213 1349 1245 Sed
1371 1212 1435 1244 ubi

111 1255 206 1290 hunc
229 1258 352 1291 locum
377 1259 540 1303 pluribus
563 1260 722 1292 versibus
748 1260 938 1302 explicuit,
974 1264 1011 1291 et
1044 1259 1221 1291 eiusmodi
1253 1257 1436 1289 hominum

111 1302 383 1335 inconstantiam
406 1305 560 1344 notavit,
583 1309 733 1348 repente
755 1303 838 1336 inde
857 1304 998 1344 desilit,
1024 1308 1130 1346 atque
1156 1314 1199 1336 ex
1224 1302 1294 1334 hoc
1314 1303 1436 1334 latiori

111 1345 283 1380 humanae
309 1349 549 1394 perversitatis
574 1359 703 1392 campo
729 1348 775 1380 ad
798 1359 906 1380 unum
929 1359 1039 1391 genus
1061 1349 1253 1392 separatim
1277 1352 1436 1379 tractan-

113 1391 198 1423 dum
231 1403 268 1424 se
294 1394 446 1436 recipit,
477 1392 519 1425 V.
547 1394 602 1426 28.
628 1393 665 1425 id
690 1398 742 1425 est
765 1403 912 1435 eorum,
946 1393 1006 1436 qui
1029 1398 1209 1437 perpetuo
1236 1392 1320 1424 dum
1347 1402 1437 1436 opes

114 1437 350 1479 conquirunt,
383 1439 591 1481 conquisitis
615 1449 687 1470 non
710 1438 891 1480 fruantur;
923 1439 959 1469 in
985 1438 1096 1480 iisque
1121 1437 1338 1480 exagitandis
1361 1447 1437 1468 ma-

113 1481 207 1512 xima
228 1482 356 1514 satirae
380 1492 462 1525 pars
486 1488 656 1515 versatur.
678 1483 723 1514 V.
748 1483 916 1525 28—107.
946 1482 1084 1514 Deinde
1109 1481 1205 1515 hunc
1228 1483 1350 1514 locum
1374 1481 1437 1513 ab·

114 1534 153 1556 ru
183 1530 219 1556 ta
248 1526 408 1558 clausula
429 1526 629 1570 praecidit,
652 1527 697 1559 V.
725 1528 799 1561 108.
825 1529 861 1560 in
887 1539 956 1571 qua
978 1527 1135 1559 versibus
1160 1527 1321 1570 aliquot,
1345 1536 1436 1569 quae

115 1535 230 1601 adime
253 1567 416 1612 dixerat,
445 1578 568 1614 arguta
603 1573 883 1614 interrogatione
905 1572 1172 1615 complectitur.
1198 1572 1315 1614 Atque
1348 1571 1437 1603 haec

114 1614 191 1656 ipsa
223 1613 404 1655 clausula,
437 1621 512 1648 tum
544 1618 636 1649 ratio
671 1627 744 1648 non
766 1618 849 1648 satis
879 1617 1085 1656 luculenta,
1120 1627 1190 1658 qua
1214 1616 1260 1648 ad
1286 1613 1330 1649 V.
1361 1617 1437 1648 113.

114 1658 261 1698 transit,
286 1664 323 1690 et
347 1661 531 1693 conclusio
555 1661 600 1693 V.
617 1671 690 1702 ¹¹7·
714 1662 920 1704 proposita,
946 1661 1100 1703 denique
1126 1662 1240 1692 totius
1264 1661 1438 1693 sermonis

116 1703 228 1735 exitus
256 1701 301 1736 V.
322 1712 395 1744 120,
420 1706 532 1747 qualis
561 1705 711 1737 cuilibet
729 1707 884 1737 sermoni
908 1706 998 1737 assui
1018 1710 1180 1748 poterat,
1206 1704 1295 1738 haec
1320 1706 1439 1737 omnia

115 1748 284 1780 novitiam
304 1748 443 1780 Musam
468 1755 503 1780 et
527 1750 664 1793 primos
690 1749 726 1780 in
749 1748 820 1782 hoc
843 1761 974 1791 genere
998 1754 1148 1782 conatus
1174 1750 1352 1793 produnt,
1390 1750 1440 1780 ita

141 1791 281 1831 uidem,
306 1796 346 1823 ut
369 1793 468 1835 quod
492 1794 603 1836 Epist.
628 1793 662 1833 I,
687 1804 723 1833 1,
752 1804 781 1825 1.
807 1795 851 1826 ad
874 1795 1119 1827 Maecenatem
1143 1795 1291 1826 scribit:
1319 1794 1438 1825 Prima

116 1802 206 1868 dicte
229 1834 314 1867 mihi
331 1847 466 1868 summa
491 1836 634 1869 dicende
660 1837 814 1869 Camena
837 1838 881 1870 de
906 1838 972 1870 hac
999 1839 1075 1882 ipsa
1098 1840 1205 1870 satira
1235 1839 1438 1880 intelligen-

118 1880 203 1912 dum
225 1891 301 1913 esse
324 1880 498 1913 videatur.
525 1881 700 1913 Ordinem
723 1887 822 1915 certe
848 1883 1036 1915 callidiore
1052 1883 1203 1915 artificio
1230 1889 1288 1914 aut
1314 1883 1439 1915 occul-

117 1926 202 1957 tiori
225 1924 417 1958 conflatum
437 1926 473 1957 in
497 1925 563 1958 hac
588 1925 736 1968 quidem
748 1928 860 1959 satira
877 1928 1036 1970 reperire
1060 1927 1220 1959 nondum
1238 1929 1438 1971 potuimus3

118 1974 225 2012 atque
243 1970 407 2001 Horatius
430 1971 567 2002 etiamsi
591 1971 628 2002 in
648 1969 700 2001 his
722 1971 883 2003 iuvenilis
903 1973 1027 2003 Musae
1051 1973 1218 2015 primitiis
1243 1978 1278 2003 et
1298 1973 1438 2004 ratione

120 2019 157 2046 et
181 2015 343 2046 oratione
360 2014 535 2047 Lucilium
546 2016 785 2058 superaverit,
810 2026 927 2058 neque
951 2017 1146 2059 praeclaris
1164 2016 1321 2048 versibus
1347 2016 1438 2047 haec

119 2059 225 2090 satira
248 2063 392 2092 careat:
427 2060 483 2090 vix
507 2065 625 2091 tamen
648 2069 829 2091 sermones
863 2071 945 2092 suos
970 2061 1135 2092 omnibus
1160 2062 1318 2093 omnium
1343 2065 1439 2093 aeta-

119 2107 195 2134 tum
218 2103 466 2145 elegantissimi
501 2104 619 2137 iudicii
643 2102 843 2135 hominibus
872 2110 908 2137 et
932 2100 1024 2137 vTitae
1048 2116 1113 2136 usu
1139 2105 1294 2138 subactis
1318 2109 1439 2138 tanto·

122 2156 209 2190 pere
233 2147 446 2191 probasset,
470 2150 500 2182 si
525 2158 646 2182 omnes
674 2147 804 2180 eodem
827 2147 899 2182 hoc
921 2149 1005 2182 stilo
1026 2150 1308 2194 conscripsisset·
