1526 2404
124 152 204 221 ⁸48
603 163 642 203 Q,
672 164 855 190 nonu-n
885 163 1041 191 FLAcm

150 258 266 297 Ausa
300 265 344 298 et
369 257 575 297 iacentem
605 258 742 298 visere
770 259 932 313 regiam
1429 262 1481 303 25

148 311 283 354 Vultu
315 324 490 360 sereno,
520 311 644 351 fortis
674 321 718 352 et
748 326 917 366 asperas
1447 316 1456 321 “

200 367 402 404 Tractare
430 372 673 417 serpentes,
701 373 750 405 ut
779 374 918 406 atrum

253 418 446 471 Corpore
477 417 740 459 combiberet
771 433 1000 471 venenum,

144 495 392 535 Deliberata
418 501 557 533 morte
584 492 796 534 ferocior:

145 548 292 588 Saevis
325 546 520 587 Liburnis
549 547 708 587 scilicet
732 548 924 588 invidens
1424 551 1478 593 3ο

196 602 368 643 Privata
395 600 548 640 deduci
573 600 759 654 superbo
990 620 994 623 >

249 656 345 697 Non
369 654 535 695 humilis
564 655 718 695 mulier
745 654 972 710 triumpho-

574 804 764 846 CARMEN
794 806 1022 850 XXXVIII.

496 890 536 930 A
571 891 611 930 D
683 892 718 931 P
756 893 794 932 U
831 893 870 931 E
906 894 946 932 R
981 893 1019 933 U
1057 894 1113 934 Μ.

361 979 466 1013 Iubet
490 991 642 1014 coenam
663 978 807 1011 minime
830 984 1047 1013 sumtuosam
1070 980 1248 1026 apparari.

627 1057 782 1089 Metram
808 1056 924 1090 Car-m.
951 1067 984 1091 2.

139 1132 335 1171 Persicos
363 1132 455 1182 odi,
483 1144 613 1185 puer,
642 1141 890 1186 apparatus3

140 1185 376 1238 Displicent
400 1198 533 1225 nexae
551 1184 715 1238 philyra
734 1199 939 1237 coronae3

138 1239 258 1278 Mitte
286 1238 461 1289 sectari,
486 1252 583 1277 rosa
610 1252 693 1292 quo
724 1239 918 1279 locorum

404 1291 511 1331 Sera
537 1300 739 1331 moretmu

139 1367 327 1421 Simplici
352 1376 488 1420 myrto
518 1368 618 1407 nihil
647 1367 852 1408 allabores
1441 1368 1470 1410 5

138 1421 320 1460 Sedulus
349 1434 497 1472 curae3
525 1435 663 1476 neque
693 1429 736 1460 te
761 1421 993 1461 ministrum

137 1475 332 1515 Dedecet
358 1482 539 1527 myrtus,
567 1487 706 1529 neque
734 1487 802 1514 me
830 1474 907 1514 sub
935 1483 1048 1515 arcta

400 1529 500 1571 Vite
532 1527 761 1568 bibentem.

207 1702 418 1743 XXXVIII,
452 1715 489 1736 v.
514 1704 548 1737 6.
583 1703 637 1736 Ita
672 1701 767 1738 cod.
800 1702 993 1739 Bodleian.
1024 1700 1121 1749 apud
1143 1703 1259 1738 Bentl.
1295 1705 1355 1749 qui
1387 1703 1462 1748 ipse

138 1750 232 1786 coni.
258 1760 358 1783 cura.
379 1750 519 1793 Vulgo:
547 1760 646 1782 curo.
