1526 2404
151 204 226 245 250
586 216 628 259 Q.
659 216 843 244 notu-1⁸11
874 215 1030 248 ruem

143 310 360 350 Fabellam
391 309 535 352 surdo.
563 311 670 350 Nam
700 325 810 366 quae
841 312 1093 367 pervincere
1123 318 1252 355 voces
1385 325 1465 356 200

143 364 356 405 Evaluere
389 378 557 415 sonum,
589 363 784 405 referunt
816 381 943 421 quem
970 373 1114 408 nostra
1139 366 1336 407 theatra?

146 417 386 472 Garganum
415 418 578 471 mugire
612 426 736 471 putes
768 433 936 471 nemus,
967 428 1038 460 aut
1068 433 1182 460 mare
1216 423 1423 466 Tuscum:

145 472 280 511 Tanto
315 484 411 510 cum
443 471 624 524 strepitu
644 471 733 511 ludi
771 482 1036 526 spectantur,
1069 479 1114 512 et
1144 481 1278 530 artes,

142 523 413 579 Divitiaeque
441 524 713 578 peregrinae3
745 527 895 580 quihus
925 528 1080 569 oblitus
1108 533 1227 567 actor

144 576 287 634 Quum
315 578 430 617 stetit
457 578 499 617 in
526 591 671 629 scena,
699 581 914 621 concurrit
941 581 1116 620 dextera
1149 579 1305 622 laevae.
1387 582 1465 623 205

140 630 259 670 Dixit
278 631 413 670 adhuc
430 629 590 686 ¹aliquid
601 630 620 669 ?
637 656 691 662 —-
708 632 775 671 Nil
795 647 904 674 sane,
920 658 975 664 —
993 632 1264 687 Quid-placet
1275 633 1466 689 ergo?—

140 685 253 723 Laua
281 684 506 724 Tarentino
533 684 664 724 violas
697 685 853 726 imitata
891 701 1066 728 veneno.

140 738 204 776 Ac
234 752 286 777 ne
313 737 428 777 forte
455 745 602 790 putes,
630 752 720 786 me,
751 754 858 794 quae
888 739 1033 780 facere
1065 739 1163 794 -ipse
1191 753 1409 794 recusem,

141 790 283 841 Quum
312 798 430 830 recte
454 798 637 830 tractent
664 792 752 842 alii,
778 793 949 834 laudare
980 794 1182 855 maligne3
1384 824 1387 827 -

138 844 214 882 Ille
243 858 323 898 per
350 852 563 884 extentum
594 843 739 886 funem
773 846 873 885 mihi
899 861 1025 900 posse
1057 847 1227 888 vldetur
1383 859 1464 890 210

138 898 205 936 Ire
238 900 388 951 poeta,
417 911 557 936 meum
616 898 660 937 ui
691 907 840 952 pectus
869 900 1045 940 inaniter
1072 900 1210 954 angit,

138 950 302 1001 Irritat‚
328 950 487 990 mulcet
503 980 515 1001 ‚
546 912 662 990 fallsis
687 953 924 992 terroribus
953 954 1122 1007 implet,

139 1004 197 1042 Ut
231 1018 401 1058 ωαξης,
429 1012 473 1043 et
501 1004 628 1045 modo
654 1019 721 1044 me
762 1005 940 1057 Thebis,
969 1007 1097 1048 modo
1125 1006 1248 1060 ponit
1270 1005 1460 1048 Athenis.

139 1057 303 1097 Verum
332 1068 432 1111 age3
467 1065 510 1097 et
533 1057 620 1107 his,
650 1058 723 1119 qui
750 1072 796 1098 se
823 1059 976 1100 lectori
1004 1060 1182 1100 credere
1207 1059 1391 1110 malunt,

145 1109 283 1170 Quam
313 1111 561 1163 spectatoris
589 1110 754 1150 fas‘ndia
780 1111 900 1152 ferre
919 1113 1114 1166 superbi,
1212 1153 1221 1157 „
1383 1113 1462 1153 215

138 1164 292 1201 (juram
320 1163 453 1201 redde
484 1163 682 1213 brevem,
719 1164 753 1202 si
786 1179 934 1204 munus
965 1166 1160 1218 Apolline
1184 1165 1356 1219 dignum
1387 1168 1390 1171 “

135 1216 211 1256 Vis
241 1216 456 1268 complere
484 1215 704 1264 libris‚'et
730 1217 895 1256 vatibus
923 1218 1079 1257 addere
1121 1218 1282 1269 calcar,

136 1270 193 1308 Ut
233 1269 372 1308 studio
405 1267 562 1308 maiore
588 1276 735 1329 petant
762 1269 966 1309 Helicona
991 1270 1212 1310 virentem.

134 1322 266 1361 Multa
301 1321 471 1377 quidem
499 1321 619 1361 nobls
647 1321 822 1360 facimus
853 1323 959 1361 mala
989 1336 1115 1376 saepe
1176 1325 1324 1372 Oetae,

137 1376 215 1428 (Ut
249 1374 389 1415 vineta
430 1381 599 1427 egomet
628 1374 797 1413 caedam
823 1375 936 1426 mea)
1000 1390 1100 1415 uum
1115 1384 1148 1415 t1
1179 1375 1368 1415 ilibrum
1381 1389 1459 1417 220

136 1428 326 1469 Sollicito
361 1427 504 1466 damus
538 1434 609 1466 aut
640 1426 779 1478 fess03
822 1442 952 1481 quum
1000 1429 1211 1479 aodimur,
1243 1443 1374 1470 unum

138 1481 183 1520 Si
216 1481 308 1536 quis
341 1480 570 1520 amicorum
603 1488 667 1519 est
699 1494 819 1519 ausus
852 1482 1112 1534 reprendere
1145 1495 1317 1522 versum
1327 1496 1341 1534 3

189 1549 286 1573 uum
316 1534 409 1573 loca
441 1533 521 1572 iam
552 1533 727 1572 recitata
753 1535 1009 1574 revolvimus
1043 1535 1291 1587 irrevocati3

181 1602 279 1626 uum
310 1587 604 1636 lamentamur,
637 1600 722 1626 non
754 1601 958 1640 apparere
995 1588 1163 1628 labores

133 1643 334 1689 hostros,
367 1647 410 1678 ct
441 1639 557 1679 tenui
590 1639 769 1679 deducta
802 1643 995 1693 poemata
1026 1640 1122 1692 filo;
1377 1644 1456 1685 225

179 1708 279 1735 uum
313 1705 528 1749 speramus
563 1706 614 1732 eo
638 1693 739 1732 'rem
771 1701 1011 1740 venturam,
1045 1701 1094 1734 ut
1123 1694 1244 1734 simul
1276 1704 1403 1752 atque

135 1746 335 1787 carmina·
357 1746 549 1787 rescieris
582 1760 658 1787 nos
691 1745 874 1801 fingere,
906 1748 1150 1787 commodus
1181 1749 1297 1797 ultro

133 1801 357 1848 Arcessas,
393 1806 435 1839 et
469 1813 597 1852 cgere
631 1808 773 1850 vetes,
808 1807 852 1839 et
882 1800 1070 1841 scribere
1104 1813 1242 1854 cogas.
1287 1818 1293 1822 ·

135 1853 220 1894 Sed
251 1860 389 1892 tamen
421 1860 485 1891 est
518 1866 673 1905 operae
705 1853 890 1907 pretium
923 1866 1208 1907 cognoscere,
1241 1855 1385 1912 quales

133 1906 338 1947 Aedituus
369 1905 520 1946 habeat
552 1907 652 1945 belli
684 1913 870 1960 spectata
902 1906 1100 1962 domique
1374 1908 1453 1951 230

134 1960 304 2009 Virtus,
337 1958 506 2012 indigno
539 1972 622 1998 non
655 1959 950 1999 committenda
980 1962 1149 2012 poe'tae.

134 2013 290 2056 Gratus
322 2012 560 2057 Alexandro
594 2013 688 2070 regi
718 2014 868 2069 Magno
900 2011 983 2053 fuit
1013 2011 1083 2052 ine
1126 2042 1128 2045 -

134 2114 202 2123 ⁸-

131 2175 178 2186 —-
200 2168 238 2189 v.
263 2167 340 2191 210.
365 2154 481 2189 Codd.
507 2157 644 2201 aliquot
670 2164 852 2191 extensum
871 2154 953 2190 Vld.
978 2157 1063 2190 Fea.
1087 2175 1132 2183 --
1155 2167 1194 2189 v.
1218 2157 1295 2190 216.
1326 2168 1451 2191 curam

132 2201 288 2248 impende
317 2202 407 2234 brev.
433 2200 553 2234 Bentl.
583 2214 625 2235 ex
658 2215 728 2236 uno
764 2202 855 2236 Cod.
882 2202 954 2235 Sed
979 2202 1032 2233 Cf.
1057 2202 1130 2234 Fea
1153 2207 1190 2236 et
1212 2201 1380 2247 Doering.
1402 2221 1451 2230 -

132 2258 171 2284 v·
195 2249 271 2285 223.
295 2247 499 2284 c'nrevocuu'
517 2248 602 2283 libri
626 2254 785 2292 veteres,
809 2252 902 2283 teste
925 2247 1131 2282 Torrentio.
