1526 2404
458 173 685 202 cAnmnun
713 172 798 198 un.
827 159 867 207 1,
892 169 957 197 ⁴22.
1319 152 1373 194 33

543 267 729 304 Cannam
757 263 883 303 XXII.

393 352 471 392 AT»
500 348 764 390 ARISTIUM
791 348 827 386 F
830 347 1030 387 USCUM.

118 443 217 478 Nihil
249 443 444 477 timendum
475 452 550 475 csse
576 440 649 472 viro
683 438 863 471 innocenti
894 448 958 469 sno
993 435 1162 481 exemplo
1185 436 1220 468 in
1247 444 1373 478 magno

56 490 258 535 discrimine
281 498 397 534 nuper
421 487 569 520 mirifice
594 490 756 518 servatus
774 482 941 516 ostendit.

512 567 666 599 Matr-nm
691 563 912 610 Sappla'cwn.

56 649 225 702 Integer
254 645 362 686 vitae
390 642 560 682 sceleris
592 654 647 680 ue
674 652 804 693 purus

56 702 150 740 Non
176 707 276 753 eget
301 696 454 737 Mauris
483 696 576 734 iacu
591 694 648 743 is,
681 705 818 746 neque
844 706 958 743 arcu,

57 755 145 794 Nec
173 750 385 793 venenatis
410 747 581 803 gravida
609 745 783 799 sagittis,

319 804 480 851 Fusae,
506 800 724 855 pharetra3

58 869 158 910 Sive
217 881 264 908 er
292 867 434 919 Syrtes
462 866 544 905 iter
574 873 807 913 aestuosas,
1352 858 1380 897 5

61 922 160 962 Sive
209 923 377 960 acturus
406 932 485 973 per
508 917 799 971 inhospitalem

61 977 314 1022 Caucasum,
342 972 411 1012 vel
439 984 547 1033 quae
570 971 667 1010 -loca
691 969 912 1009 fabulosus

320 1024 486 1064 Lanssnt
510 1023 739 1077 Hydaspes.

59 1090 248 1144 Namque
275 1103 343 1129 me
371 1090 473 1130 silva
499 1090 622 1143 lupus
649 1087 690 1126 in
716 1085 889 1135 Sabina,

63 1143 176 1182 Dum
201 1156 336 1181 meam
363 1150 483 1182 canto
511 1142 718 1194 Lalagen,
749 1147 793 1178 et
818 1137 928 1177 ultra
1334 1147 1380 1173 ιο

64 1195 305 1235 Tel-minum
333 1196 443 1235 curis
463 1208 595 1248 vagor
624 1191 853 1246 expeditis,

323 1249 450 1302 Fugit
476 1249 684 1296 inermen3
701 1248 746 1297 m

66 1311 203 1404 quale
229 1321 471 1365 portentum
499 1326 636 1367 neque
663 1309 852 1350 militaris

63 1368 84 1405 1
106 1365 244 1404 aunias
271 1364 362 1404 latis
391 1367 462 1406 alit
489 1365 731 1413 aesculetis,

65 1421 153 1458 Nec
178 1416 305 1458 Iubae
335 1419 458 1459 tellus
495 1426 690 1473 generat,
716 1418 887 1456 leonum
1335 1427 1381 1454 ιο

325 1472 453 1511 Arida
489 1471 638 1512 nutrix.

65 1538 183 1576 Pone
209 1549 309 1589 me„
326 1536 456 1590 pigris
476 1536 547 1575 ubi
573 1536 686 1575 nulla
712 1534 867 1588 campis

66 1589 209 1629 Arbor
237 1589 392 1628 aestiva
418 1598 634 1629 recreatur
680 1601 800 1638 aura3

68 1641 197 1704 Quod
221 1642 328 1681 latus
354 1641 497 1681 mundi
522 1642 698 1681 nebulae
724 1641 942 1696 malusque

94 1737 96 1739 ,
327 1696 484 1748 Iupiter
511 1703 655 1750 urget:
1329 1703 1380 1731 20

67 1762 185 1809 Pone
212 1759 289 1799 sub
319 1772 446 1798 curru
481 1758 648 1798 nimium
682 1758 907 1813 propinqui

69 1813 200 1861 Solis,
228 1813 268 1851 in
295 1820 409 1851 terra
439 1810 629 1851 domibus
657 1819 826 1865 negata:

68 1866 204 1906 Dulce
229 1865 435 1904 ridentem
468 1865 650 1919 Lalagen
679 1863 823 1904 amabo
836 1894 857 1914 ‚-

331 1918 469 1958 Dulce
496 1918 750 1973 loquentem.

139 2019 261 2060 XXII,
284 2031 319 2052 v.
334 2030 366 2053 α.
391 2018 530 2050 Mam-125
556 2028 676 2050 omnes
692 2017 765 2050 sere
781 2015 900 2051 codd.
925 2024 959 2051 ct
974 2024 1057 2050 vett.
1072 2015 1161 2050 Edd.
1177 2015 1231 2047 Al.
1247 2016 1379 2048 Mauri.

71 2060 115 2093 V.
129 2063 242 2096 Bentl.
266 2082 311 2089 —
330 2076 366 2097 v.
387 2075 438 2096 11.
463 2060 641 2107 mpeditus
665 2063 766 2094 multi
781 2061 899 2096 codd.
925 2065 1017 2095 inter
1042 2073 1130 2106 quos
1151 2062 1272 2105 plures
1285 2062 1379 2092 Feae

73 2112 110 2138 et
122 2108 235 2141 Vand.
259 2115 295 2142 et
318 2109 408 2143 Edd.
432 2113 515 2141 vett.
536 2107 644 2151 idque
661 2109 831 2151 praetulit
853 2108 965 2141 Bentl.
991 2119 1094 2150 quem
1109 2107 1152 2139 V.
1179 2107 1264 2138 coll.
1286 2105 1379 2138 Doe-

72 2160 159 2229 2313·
192 2165 318 2231 {Edu-⁸
336 2154 387 2234 itlig.
424 2153 586 2231 Dgpm'gs
620 2162 741 2230 οῗηεε
769 2153 850 2204 'ser-e
882 2154 976 2231 Uul}
989 2153 1087 2229 MSls.
1122 2156 1158 2184 ct
1181 2149 1271 2184 Edd.
1298 2155 1379 2183 vett.

122 2209 131 2229 l
156 2208 174 2231 e
278 2222 286 2231 .
310 2209 344 2231 m
371 2211 390 2234 e
412 2210 433 2233 a
498 2208 541 2243 ep
569 2207 623 2230 an.
685 2208 795 2231 αιιηια
818 2209 864 2231 m.
922 2222 931 2230 .
980 2203 1066 2231 ent.

118 2251 237 2287 Horat.
261 2253 289 2286 1.
1082 2243 1107 2282 3
