1526 2404
127 158 138 180 ι
147 140 200 183 36
569 159 608 199 Q,
626 159 819 195 ‚uouit-ru
846 161 1002 189 nacci

118 244 425 301 Delectantque
453 245 617 296 Deum,
643 247 710 288 cui
736 261 866 302 pecus
892 257 936 289 et
961 249 1070 304 nigri

384 298 526 340 Colles
553 299 759 342 Arcadiae
785 303 963 357 placent.

116 372 347 414 Adduxere
376 373 486 413 sitim
515 381 731 428 tempora,
759 376 837 417 Vir
867 377 935 427 ili3

116 426 202 466 Sed
230 441 422 479 pressum
453 427 621 467 Calibus
650 429 808 470 ducere
870 429 1037 470 iberum

116 480 161 519 Si
189 481 339 535 gestis,
368 480 567 520 iuvenum
597 482 797 522 nobilium
826 484 978 536 cliens,
1391 490 1439 530 15

377 535 519 574 Nardo
550 535 645 575 vina
671 537 908 578 merebere.

113 607 241 646 Nat-di
271 622 426 661 parvus
457 625 564 663 onyx
594 612 733 652 eliciet
759 613 932 663 cadum,

116 659 202 719 Qui
228 675 336 702 nunc
365 664 558 719 Sulpiciis
587 666 762 712 accubat
788 666 977 719 horreis,

111 714 218 768 Spes
249 715 410 758 donare
434 733 562 759 novas
590 719 754 774 largus,
783 735 1007 777 amaraque

138 779 151 782 “
378 772 583 812 (zm-arum
611 773 757 814 eluere
788 771 950 833 efficax.
1321 778 1326 783 “
1384 789 1437 817 20

108 844 177 884 Ad
208 848 379 901 quae-si
405 863 610 902 properas
640 849 811 904 gaudia,
844 864 940 891 cum
965 860 1038 892 tua

110 898 250 938 Velox
277 914 420 941 merce
450 903 566 942 veni:
598 917 682 942 non
713 917 794 957 ego
822 912 866 944 te
893 906 996 946 meis

109 952 338 994 Immunem
366 955 549 995 meditor
576 956 742 1011 tingere
773 959 961 1011 poculis,

371 1009 503 1049 Plena
531 1010 648 1050 dives
665 1009 724 1050 ‘ut
749 1011 792 1050 in
820 1011 959 1052 domo.

109 1080 271 1120 Verum
297 1097 409 1136 pone
437 1100 575 1126 moras
606 1095 650 1127 et
675 1088 858 1127 studium
886 1089 1015 1140 lucri:
1382 1090 1436 1130 25

107 1134 420 1191 Nigrorumque
446 1153 630 1187 memor,
657 1141 755 1179 dum
783 1141 903 1190 licet,
929 1142 1108 1195 ignium,

106 1187 234 1230 Misce
263 1191 481 1233 stultitiam
508 1193 688 1232 consiliis
716 1194 913 1234 brevem:

370 1244 509 1285 Dulce
536 1253 600 1285 est
627 1246 823 1300 desipere
848 1247 889 1286 in
923 1247 1035 1290 loco.

611 1384 799 1444 CARMEN
827 1385 932 1426 XIII.

537 1473 576 1514 A
603 1474 643 1512 D
691 1475 733 1529 'L
761 1475 798 1512 Y
829 1474 860 1514 C
890 1476 926 1513 E
954 1476 1004 1514 N.

146 1552 292 1588 Deridet
318 1558 471 1589 vetulam
495 1559 648 1602 turpiter
675 1559 791 1592 adhuc
815 1560 984 1594 inveniles
1012 1572 1152 1595 amores
1175 1565 1379 1594 sectantem.

634 1649 788 1683 Metram
814 1650 841 1682 Ι.
866 1652 898 1684 5.

102 1718 341 1769 Audivere,
368 1722 503 1772 Lyce,
534 1723 591 1762 Di
617 1737 710 1762 mea
738 1732 859 1774 vota,
882 1726 940 1764 Di

101 1770 339 1821 Audivere,
369 1775 493 1826 Lyce.
522 1776 592 1814 Fis
623 1791 745 1828 anus,
777 1786 820 1817 et
846 1786 984 1819 tamen

153 1825 228 1867 Vis
255 1825 443 1866 formosa
471 1828 630 1879 videri,

205 1879 419 1934 Ludisque
447 1889 489 1920 et
515 1881 620 1922 bibis
656 1884 899 1937 impudens,

99 1951 157 1990 Et
186 1961 308 1991 cantu
335 1957 515 1995 tremulo
542 1966 642 2010 pota
680 1960 926 2012 Cupidinem
1398 1963 1426 2006 5
1467 1963 1470 1969 ’

99 2006 280 2045 Lentum
310 2009 518 2049 sollicitas.
544 2012 617 2051 llle
647 2012 817 2053 virentis
846 2022 890 2054 et

99 2161 144 2169 —
166 2156 202 2176 v.
233 2156 284 2178 ιι.
320 2149 443 2191 nigrae
466 2146 587 2180 Bentl.
611 2160 653 2182 ex
677 2160 750 2183 uno
775 2148 869 2184 Cod.
900 2169 946 2178 —
974 2162 1013 2188 v.
1043 2151 1094 2186 16.
1128 2149 1251 2190 codd.
1279 2153 1418 2199 aliquot

100 2189 195 2234 apud
213 2189 333 2224 Bentl.
355 2192 553 2235 mereberis,
577 2202 680 2237 quem
697 2194 753 2229 Cf.
775 2202 809 2229 et
822 2195 913 2231 Jani.
