1526 2404
168 151 222 193 70
620 154 659 196 Q.
690 151 874 180 nonam
903 151 1058 183 rmum

651 275 838 316 Cummv
879 275 1026 321 XVIII.

238 453 397 488 Felicem
429 465 527 488 suam
561 456 596 489 in
629 466 668 490 re
702 458 803 492 tenui
827 455 1065 502 sortemsscum
1089 457 1210 491 Insano
1250 455 1499 501 opulentorum

170 503 211 536 et
234 501 335 533 irrito
359 501 444 533 luxu
469 500 579 546 poeta
611 509 809 548 comparat.

173 590 335 624 Metram
358 592 658 637 Hipponacteum;
683 596 821 639 primus·
843 607 962 629 versus
994 592 1194 628 trochaicus
1227 593 1367 629 dimeter
1398 602 1499 628 cata.-

260 636 402 670 lecticas
415 661 427 677 ,
451 638 544 671 alter
566 639 733 673 iambicus
761 642 913 675 trimeter
934 640 1173 674 catalecticus-

172 713 267 754 Non
294 713 402 754 ebur
427 727 565 768 neque
593 728 766 755 aureum

226 768 319 806 Mea
346 766 512 807 renidet
537 767 579 806 in
608 768 734 809 domo
762 769 951 821 lacunar,

172 821 267 860 Non
291 819 432 860 trabes
455 821 691 874 Hymettiae

225 875 429 913 Premunt
459 875 669 915 columnas
698 875 841 916 ultima
872 877 1027 917 recisas

173 927 343 978 Africa,
371 941 509 983 neque
537 928 666 968 Attali

225 982 395 1035 Ignotus
423 981 548 1021 heres
575 982 735 1044 regiam
764 983 987 1039 occupavi,

173 1035 262 1074 Nec
288 1035 514 1074 Laconicas
544 1035 644 1074 mih1

229 1087 417 1127 Trahunt
443 1088 642 1128 honestae
668 1104 873 1144 purpuras
897 1091 1086 1131 clientae.

175 1140 234 1180 At
262 1138 366 1179 fides
396 1148 439 1180 et
465 1141 605 1194 ingeni

226 1194 413 1246 Benigna
442 1207 547 1234 vena
575 1202 659 1243 est,
685 1208 998 1252 pauperemque
1041 1195 1158 1236 dives

176 1247 244 1286 Me
271 1247 397 1300 petit:
425 1246 526 1286 nihil
565 1260 689 1300 supra

227 1300 344 1340 Deos
371 1300 553 1350 lacesso,
579 1313 658 1340 nec
686 1308 902 1354 potentem
931 1301 1107 1342 amicum

176 1353 379 1408 Largiora
415 1352 583 1407 flagito,

231 1407 336 1446 Satis
364 1405 509 1446 beatus
538 1406 667 1447 unicis
695 1405 869 1447 Sabinis.

178 1460 380 1500 Truditur
408 1460 496 1499 dies
521 1460 612 1510 die,

230 1515 460 1568 Novaeque
486 1520 669 1567 pergunt
696 1513 868 1555 interire
880 1515 1058 1555 Lunae:

114 1588 117 1589 ⁷
180 1571 246 1609 Tu
275 1566 451 1606 secanda
481 1581 689 1606 marmora

231 1622 364 1660 Locas
390 1618 466 1658 sub
495 1619 631 1673 ipsum
655 1619 802 1671 funus,
830 1627 874 1660 et
899 1619 1079 1674 sepulcri

179 1676 424 1722 Immemor,
453 1673 576 1712 struis
601 1672 763 1713 domos.

229 1726 437 1781 Marisque
465 1726 575 1766 Baiis
604 1726 880 1780 obstrepentis
906 1739 1035 1781 urges

180 1780 454 1820 summovere
491 1779 635 1830 litora,
1082 1778 1086 1790 ¹

231 1835 386 1872 Parum
412 1833 600 1885 locuples
629 1833 867 1872 continente
895 1833 1001 1887 ripa.

181 1885 326 1948 Quid?
354 1884 469 1939 quod
496 1898 627 1941 usque
654 1887 871 1940 proximos

233 1938 416 1978 Revellis
444 1939 533 1992 agri
558 1940 779 1992 terminos,
808 1948 850 1980 et
878 1941 986 1980 ultra

181 1992 352 2032 Limites
379 1991 589 2032 clientium

235 2045 338 2084 Salis
367 2059 536 2097 avarus3
563 2046 730 2099 pellitur
758 2056 954 2101 paternos

251 2204 392 2244 XVIII,
418 2218 447 2238 ν.
474 2207 504 2239 8.
544 2208 679 2240 clientes
715 2206 837 2243 Codd.
866 2214 903 2244 et
934 2209 1068 2253 primae
1094 2205 1179 2239 Edd.

1453 1207 1501 1233 10
