1526 2404
441 163 673 192 cummi
699 162 787 191 un.
815 149 892 200 111,
920 156 984 199 34.

55 257 295 299 Restenare
318 256 551 308 licentiam,
806 306 809 307 ⁷

110 312 261 352 Clarus
284 310 557 402 postffenitiffi
584 315 812 364 quatenuS,
837 305 927 347 heu
954 307 1097 359 nefa,

54 364 271 408 Virtutem
296 363 391 403 inco
411 377 550 403 umem
577 361 766 411 odimus,

110 416 327 456 Sublatam
354 429 407 456 ex
436 416 569 455 oculis
597 414 835 469 quaerimus
865 413 1006 453 invidi.

55 469 175 532 Quid
201 469 343 509 tristes
372 467 685 523 querimoniae,

116 521 162 561 Si
185 535 270 561 non
298 521 504 575 supplicio
535 519 602 560 cul
636 533 660 558 a
685 519 921 560 reciditur?

57 573 175 633 Quid
200 574 343 628 leges,
373 574 462 612 siue
489 572 596 612 moi'
629 586 678 612 us

110 628 276 674 Vanae,
302 625 550 679 proficiunt,
577 624 615 664 si
642 637 786 680 neque
811 624 990 666 fervidis

56 680 162 720 Pars
188 679 349 719 inclusa
381 677 591 718 caloribus
987 700 989 702 -

110 731 278 782 Mundi,
305 744 385 770 nec
410 733 579 770 Boreae
606 729 826 771 finitimum
852 729 986 782 latus,

58 786 333 838 Durataeque
362 783 453 822 solo
478 783 620 834 nives,

112 838 395 877 mercatorem
421 835 616 888 abigunt3
642 835 817 876 horrida
843 835 984 876 callidi

58 890 243 933 Vincunt
270 902 456 944 aequora
478 889 664 939 navitae3

111 943 308 995 Magnum
335 941 559 994 pauperies
589 941 867 1003 opprobrium
891 941 1011 981 iubet

61 994 240 1054 Quidvis
273 1001 317 1033 et
340 993 487 1033 facere
514 1001 558 1033 et
583 1002 693 1047 pati,

115 1046 381 1101 Virtutisque
409 1046 517 1086 viam
545 1046 704 1088 deserit
731 1045 920 1086 arduae?

18 1099 147 1142 ..Vel
173 1113 251 1139 nos
277 1099 321 1139 in
348 1099 623 1152 Capitolium,
731 1132 736 1135 ,

115 1151 215 1244 Ῥω)
244 1152 403 1192 clamor
431 1159 555 1191 vocat
586 1160 630 1193 et
655 1151 779 1191 turba
807 1150 1068 1202 faventium,

61 1205 128 1248 Ve
173 1218 248 1244 nos
275 1204 317 1244 in
344 1217 461 1243 mare
488 1206 726 1257 proximum

118 1258 338 1307 Gemmas,
367 1266 411 1296 et
437 1257 622 1310 lapides,
651 1271 799 1296 aurum
827 1265 871 1296 et
896 1257 1069 1309 inutile,

64 1309 224 1350 Summi
249 1310 469 1349 materiem
494 1310 612 1359 mali,

115 1364 350 1412 Mittamus,
378 1363 587 1402 scelerum
615 1362 650 1401 si
677 1361 787 1402 bene
814 1362 1019 1415 poenitet.

63 1415 289 1455 Eradenda
317 1415 519 1468 cupidinis

116 1468 244 1508 Pravi
270 1475 366 1506 sunt
394 1468 622 1518 elementa,
656 1475 699 1506 et
724 1475 899 1507 tenerae
926 1467 1047 1507 nimis

66 1522 230 1560 Mentes
258 1534 300 1559 as
334 1520 540 1560 erioribus

119 1574 301 1612 Forman
334 1586 382 1612 ae
410 1573 568 1612 studiis.
596 1572 740 1612 Nescit
767 1585 879 1627 equo
906 1572 1024 1612 rudis

65 1628 259 1666 Haerere
286 1624 461 1678 ingenus
488 1639 620 1678 puer,

119 1677 363 1731 Venarique
390 1678 510 1717 timet
520 1692 532 1727 3
560 1678 711 1718 ludere
740 1677 930 1728 doctior,

68 1731 155 1771 Seu
183 1731 349 1769 Graeco
377 1729 522 1769 iubeas
550 1730 728 1780 trocho,

122 1783 210 1823 Seu
238 1783 356 1822 malis
386 1783 514 1823 vetita
542 1782 708 1835 legibus
739 1783 855 1828 alea,

69 1835 212 1894 Quum
238 1836 411 1889 periura
438 1834 568 1888 patris
597 1834 702 1874 fides

123 1889 398 1939 Consortem,
426 1888 587 1928 socium
616 1887 735 1927 fallat
763 1895 807 1928 et
832 1887 1048 1942 hospites,

1311 163 1384 202 ¹07

1328 307 1382 348 30

1333 569 1387 610 35

1346 1887 1398 1929 60

139 2048 176 2068 v.
201 2037 257 2070 30.
283 2036 399 2068 Carus
422 2035 512 2068 cod.
533 2032 680 2067 Cantor-i
696 2034 750 2068 Cf.
767 2035 888 2069 Bentl.
904 2056 951 2062 —
973 2049 1009 2069 v.
1025 2038 1080 2080 39.
1106 2038 1177 2069 Pro
1189 2037 1265 2068 solo
1276 2036 1398 2069 Bentl.

73 2082 167 2113 cuni.
190 2081 292 2124 gelu,
318 2092 425 2124 quem
448 2081 582 2112 refellit
608 2081 755 2122 Cuning.
779 2099 825 2106 —
856 2083 962 2116 v.50-
986 2083 1155 2115 scelerum
1181 2082 1214 2113 .ςί
1235 2088 1305 2114 etc.
1327 2082 1401 2112 rea

74 2135 154 2157 cum
178 2137 277 2170 seqq.
302 2126 495 2168 cuniungit.
520 2124 591 2156 Sed
616 2122 672 2156 Cf.
699 2124 811 2158 Both.
828 2126 1011 2158 Annutatt.
1035 2145 1081 2151 —-
1100 2139 1139 2159 τ’.
1156 2126 1212 2169 54.
1236 2128 1399 2159 Firman-

75 2166 146 2201 dac·
164 2169 279 2202 Bentl.
302 2181 323 2204 e
347 2171 566 2203 coniectura.
592 2168 647 2201 Cs.
669 2170 753 2203 Fea.
791 2188 836 2195 —
873 2182 909 2203 ν.
931 2173 988 2206 60.
1024 2170 1401 2213 Οοηεοιτεηιι-σίῐὸιᾱα
