1526 2404
89 225 91 227 ,
112 176 164 218 56
585 188 770 215 nonam
807 187 964 216 FLAcct

620 283 690 322 ΤΥ
700 281 760 322 eb
774 282 924 323 atius.

108 347 341 388 Solventur
367 347 457 387 risu
482 344 675 398 tabulae3
702 353 751 386 tu
775 346 923 389 missus
951 347 1093 390 abibis.

648 519 816 560 SA'rmA
844 521 893 561 11.

178 631 309 664 Tenuis
330 636 363 663 et
386 629 535 674 simplex
555 629 683 670 victus,
706 641 776 673 quo
798 635 932 664 veteres
954 630 1005 663 illi
1032 630 1178 664 Romani
1200 629 1324 664 heroes
1350 627 1433 662 inde

108 678 152 710 ab
173 677 261 710 urbe
281 675 422 709 condita
443 686 508 720 per
529 675 683 718 quinque
699 676 817 707 secula
837 676 885 707 usi
905 682 1021 718 erant,
1047 682 1174 721 poetae
1190 677 1299 709 nostri
1320 680 1433 708 aetate

109 724 145 754 in
175 722 227 754 his
247 721 423 765 corruptis
448 721 573 753 civium
597 730 741 752 suorum
765 720 924 754 moribus
944 723 1050 766 plane
1071 727 1266 754 evanuerat.
1303 720 1433 753 Poten-

109 769 177 800 tiae
198 766 460 805 Romanorum,
491 765 629 797 Velleio
653 771 798 797 auctore
820 766 873 808 11,
900 778 911 799 1
928 791 938 808 ,
969 767 1070 811 prior
1089 766 1204 811 Scipio
1239 767 1326 799 viam
1351 777 1433 810 ape-

108 820 256 851 ruer-at,
292 811 456 844 luxuriae
486 823 531 855 po
540 811 660 842 fter-ior
689 811 853 853 aper·u1't,·
885 813 1012 857 quippe
1043 820 1174 844 remoto
1209 809 1435 854 Carthaginis

89 866 203 904 ¹metu
223 856 434 902 sublataque
453 856 587 900 imperti
603 855 761 895 aemula,
784 867 857 888 non
877 856 1020 900 gradu,
1041 855 1105 889 sed
1122 857 1309 901 praecipiti
1325 866 1436 888 cur-sn

108 915 131 935 a
152 904 278 935 virtute
295 900 462 934 descitum
472 925 483 940 ,
509 899 560 932 ad
577 901 658 933 vitia
679 908 946 942 transcursum;
971 910 1066 935 vetus
1083 901 1266 946 disczplina
1285 899 1436 940 deserta,

108 958 201 982 ηονα
226 945 400 986 inducta,-
432 948 469 979 in
491 957 650 978 somnum
671 957 693 977 a
715 946 857 989 νιζςιῖιὶῖς,
889 947 932 979 ab
956 947 1062 979 armis
1092 945 1142 979 ad
1161 947 1356 991 voluptates
1369 969 1380 986 ,
1414 956 1436 976 a

108 994 255 1037 negotiis
278 994 315 1024 in
334 993 442 1025 otium
465 1002 632 1024 conversa
656 992 788 1023 civitas.
827 991 1046 1036 Carthaginis
1071 991 1266 1032 excidium,
1286 991 1438 1023 Graecia

107 1040 327 1082 voluptatum
349 1038 461 1069 omnis
480 1037 616 1079 generis
636 1037 799 1079 magistra
819 1042 853 1069 et
873 1037 953 1069 Asia
976 1038 1238 1081 opulentissima
1255 1036 1435 1076 subactae,

109 1083 255 1115 orientis
277 1094 379 1125 gazae
402 1083 547 1114 Romam
569 1081 775 1125 deportatae
799 1082 1045 1115 incredibilem
1067 1083 1240 1114 luxuriam
1263 1087 1296 1114 et
1318 1081 1436 1113 molli-

107 1129 193 1161 tiem
212 1128 307 1171 apud
325 1129 499 1159 Romanos
518 1132 740 1170 pepererant.
765 1127 834 1159 Sed
853 1133 890 1159 ut
909 1129 1118 1171 plerumque
1139 1127 1326 1159 contrariis
1346 1125 1436 1157 vitiis

108 1184 216 1217 genus
245 1172 434 1203 humanum
456 1171 499 1202 ab
524 1177 672 1213 utraque
699 1177 799 1214 parte
821 1172 925 1203 simul
953 1173 1068 1214 urgeri
1092 1173 1204 1212 solet,
1234 1173 1281 1203 ita
1309 1171 1346 1202 in
1371 1169 1437 1202 hac

110 1218 290 1251 communi
316 1217 388 1249 sere
413 1215 635 1260 prodigentia
656 1226 727 1247 non
758 1215 964 1257 defuerunt,
996 1217 1054 1259 qui
1086 1216 1231 1247 nimiam
1261 1215 1436 1259 parsimo-

108 1263 202 1295 niam
229 1268 333 1305 atque
361 1261 450 1293 adeo
482 1259 662 1292 sordidam
689 1260 865 1291 avaritiam
906 1266 1205 1293 consectarentur.
1245 1261 1349 1291 Nulla
1380 1270 1437 1291 res

108 1308 219 1350 magis
243 1313 387 1351 poetae,
412 1306 521 1339 seculi
548 1305 630 1337 vitia
659 1304 908 1346 emendaturo,
935 1305 1035 1337 cordi
1065 1317 1139 1338 esse
1161 1305 1306 1345 debuit,
1333 1316 1436 1347 qnam

109 1353 196 1386 haec
222 1354 296 1396 ipsa
314 1351 422 1385 labes.
456 1350 526 1383 Sed
549 1362 629 1383 cum
646 1350 857 1382 Maecenatis
883 1356 917 1382 et
934 1351 1056 1383 talium
1077 1351 1231 1382 virorum
1256 1350 1437 1382 convicto-

109 1409 185 1431 rem
212 1408 337 1442 parum
367 1396 527 1436 deceret,
554 1395 714 1427 censoria
742 1396 925 1427 severitate
953 1396 988 1426 in
1020 1395 1090 1427 hoc
1109 1406 1238 1438 genere
1269 1395 1342 1435 uti,
1373 1394 1437 1426 sul)

111 1443 241 1483 Ofelli,
267 1442 388 1474 rustici
417 1440 616 1479 cuiusdam,
649 1450 801 1483 persona
830 1446 1020 1484 praecepta
1056 1440 1184 1483 tradit,
1220 1440 1279 1484 qui
1308 1440 1437 1471 nullius

110 1487 312 1534 philosophi
341 1486 523 1518 doctrinae
553 1484 736 1526 addictus,
772 1486 940 1528 perversis
972 1486 1093 1517 aetatis
1119 1497 1202 1518 suae
1238 1485 1438 1517 hominibus

111 1539 266 1566 veterem
294 1533 389 1564 illam
415 1530 660 1562 abstinentiam
686 1535 720 1562 et
745 1529 979 1572 frugalitatem
1008 1530 1191 1562 liberrimo
1218 1530 1438 1573 gravissimo-

114 1590 182 1622 que
207 1588 369 1610 sermone
393 1575 638 1615 commendat,
673 1586 776 1618 quam
802 1576 875 1619 ipse
901 1577 1068 1619 optimam
1095 1581 1258 1620 expertus
1287 1581 1362 1607 erat
1393 1574 1438 1607 ad

111 1624 215 1656 beate
237 1621 419 1657 vivendum
441 1627 473 1653 et
495 1621 547 1653 vel
570 1621 676 1651 totius
702 1620 752 1652 rei
782 1620 961 1652 familiaris
990 1620 1159 1652 iacturam
1183 1631 1296 1664 aequo
1321 1620 1438 1651 animo

112 1667 304 1701 serendam.
344 1668 411 1699 Per
435 1672 545 1698 totam
573 1665 677 1708 igitur
697 1664 786 1697 hanc
807 1666 954 1697 Satiram
978 1666 1136 1707 Ofellus,
1162 1667 1311 1708 loquens
1335 1664 1438 1696 indu-

115 1715 228 1754 citur,
251 1713 303 1743 vir
326 1711 472 1755 simplex
493 1717 526 1743 et
551 1710 743 1751 candidns;
771 1710 833 1742 sed
854 1711 1010 1743 Ofellum
1039 1710 1122 1742 dum
1147 1710 1326 1752 audimus,
1350 1720 1439 1755 poe-

113 1765 170 1793 tae
197 1758 304 1803 ipsius
327 1758 481 1791 animum
507 1762 541 1789 et
562 1757 769 1788 sententiam
792 1757 1048 1799 cognoscimus.
1072 1753 1261 1802 Heindorf

117 1905 241 1963 Quae
279 1905 435 1955 virtus,
466 1913 508 1944 et
537 1915 709 1959 quanta,
738 1905 863 1954 boni,
894 1907 947 1946 sit
975 1907 1122 1947 vivere
1149 1906 1306 1959 parvo,

116 1961 226 2013 (Nee
253 1973 370 1998 meus
398 1959 469 1997 hic
499 1972 639 1997 sermo
671 1968 756 2009 est,
786 1960 861 1999 sed
883 1974 1009 2014 quem
1030 1959 1247 2012 praecepit
1269 1957 1439 1999 Ofellus

118 2013 338 2063 Rusticus,
367 2011 574 2051 abnormis
603 2013 790 2066 sapiens,
818 2026 1041 2069 crassaque
1064 2011 1271 2064 Minerva)

1437 2106 1451 2113 κ

183 2152 237 2193 II,
259 2164 295 2184 v.
317 2163 344 2184 1.
379 2152 476 2185 bonis
502 2153 616 2186 Codd.
641 2154 776 2197 aliquot
803 2158 838 2186 et
861 2164 900 2185 ve
935 2153 946 2185 ,”
962 2151 1053 2186 Edd.
1079 2151 1132 2184 Cf.
1156 2150 1282 2192 Heind,
1298 2151 1379 2183 Fen.
1405 2156 1440 2183 et

118 2197 218 2231 Both.
242 2197 419 2230 Annotatt.
443 2217 488 2224 —
515 2211 543 2230 ν.
565 2210 597 2231 2.
623 2210 714 2244 quae
736 2210 802 2243 pro
824 2209 925 2243 quem
941 2199 1052 2231 Bentl.
1067 2209 1086 2231 e
1105 2197 1218 2230 Codd.
1237 2197 1290 2229 Cf.
1314 2195 1437 2229 Heind.

119 2261 162 2268 --
188 2254 217 2276 v.
238 2244 269 2277 3.
296 2243 458 2276 abnormi
477 2245 594 2288 plures
613 2244 726 2277 Codd.
747 2244 802 2275 Cs.
825 2244 934 2276 Bentl-
