1526 2404
151 208 227 251 116
270 224 272 226 ’
595 219 638 260 ρ.
666 219 852 247 nonam
877 219 1036 249 ruem

146 318 214 356 Ire
240 315 356 356 foras
386 314 514 369 pleno
534 313 737 356 tendebat
764 328 949 370 corpore
973 314 1144 357 frustra.

147 370 227 410 Cui
254 375 430 410 mustela
456 369 630 422 procul,
659 368 704 408 Si
732 369 815 420 vis,
852 370 932 421 ait,
959 368 1157 424 effugere
1184 370 1331 422 istinc,

144 425 286 463 Macra
314 436 462 462 cavum
489 430 660 475 repetes
689 431 872 474 arctum,
897 437 1021 478 quem
1054 437 1193 464 macra
1219 424 1379 464 subisti.

145 479 238 517 Hac
267 490 347 530 ego
379 476 414 515 si
438 476 671 529 compellor
697 475 900 530 imagine,
928 484 1077 516 cuncta
1101 478 1285 531 resigno.

145 532 234 578 Nec
262 543 454 569 somnum
484 529 619 582 plebis
645 529 795 580 laudo,
824 538 938 569 satur
965 530 1161 582 altilium,
1196 543 1276 571 nec
1407 529 1461 570 35

147 584 247 624 Otia
276 583 427 623 divitiis
454 582 640 621 Arabum
668 582 881 622 liberrima
905 592 1037 623 muto.
1324 603 1327 606 ·

146 637 283 690 Saepe
311 636 598 677 verecundum
624 636 800 675 laudasti
809 651 821 689 3
849 638 1028 692 Rexque
1053 638 1267 692 Paterque

144 690 311 729 Audisti
338 703 477 729 coram
493 719 506 739 ,
532 702 611 729 nec
640 689 773 730 verbo
802 692 967 744 parcius
996 689 1157 730 absens.

145 744 328 797 Inspice,
357 743 391 782 si
419 756 591 795 possum
620 743 772 782 donata
792 756 1002 797 reponere
1036 743 1184 790 laetus.

143 797 270 836 Haud
296 797 404 836 male
435 796 734 847 Telemachus,
761 799 904 851 proles
933 797 1126 851 patientis
1154 796 1312 836 Ulixei:
1406 801 1459 844 4⁰

143 853 237 890 Non
266 858 330 891 est
360 858 478 903 aptus
508 850 626 904 equis
652 850 793 890 Ithace
822 852 963 901 locus,
990 859 1038 890 ut
1061 864 1198 905 neque
1228 849 1362 904 planis

143 905 374 943 Pori-ectus
404 903 567 956 spatiiS,
596 917 647 942 ne
680 918 732 942 ue
759 905 916 943 multae
943 903 1146 959 prodigus
1173 902 1353 943 herbae:

144 957 315 1008 Atride,
342 957 473 1010 magis
502 970 524 994 a
554 964 596 995 ta
622 957 654 996 ti
686 957 700 995 i
728 965 799 996 tua
827 958 936 997 dona
961 957 1206 1013 relinquam²

142 1012 327 1051 Parvum
353 1023 484 1063 parva
542 1018 674 1050 ecent.
700 1010 800 1050 Mihi
824 1011 905 1050 iarn
931 1025 1015 1050 non
1041 1012 1160 1066 regia
1187 1011 1345 1059 Roma,

143 1064 230 1103 Sed
257 1077 434 1104 vacuum
463 1063 594 1102 Tibur
613 1064 775 1117 placet,
806 1073 876 1103 aut
903 1064 1072 1104 imbelle
1101 1067 1343 1114 Tarentum.
1402 1061 1456 1110 45

143 1118 347 1156 Strenuus
374 1125 417 1155 et
442 1115 592 1166 sortis,
626 1117 842 1171 causisque
870 1117 1006 1171 Philip
1039 1132 1088 1157 us
1116 1116 1287 1171 agendis

143 1171 315 1219 Clarus,
342 1169 393 1207 ab
423 1168 572 1207 officiis
600 1179 790 1210 octavam
817 1171 984 1210 circiter
1009 1132 1160 1210 lioram

140 1224 254 1262 Dum
280 1222 413 1272 redit,
442 1229 565 1275 atque
595 1223 710 1260 Foro
738 1223 908 1262 nimium
936 1224 1090 1262 distare
1119 1223 1288 1262 Carinas

141 1278 227 1315 Iam
255 1274 420 1329 grandis
447 1284 547 1313 natu
570 1274 783 1329 queritur,
813 1276 1052 1328 cons-pexit,
1078 1284 1126 1315 ut
1152 1275 1287 1326 aiunt,

140 1329 349 1368 Adrasum
376 1327 583 1382 quendam
606 1341 733 1367 vacua
759 1329 939 1367 tonsoris
967 1329 1009 1368 in
1037 1327 1210 1380 umbra,
1400 1327 1453 1368 50

143 1382 326 1422 Cultello
357 1380 554 1434 proprios
581 1389 830 1434 purgantem
857 1381 1008 1421 leniter
1033 1395 1210 1443 ungues.

140 1434 355 1484 Demetri,
387 1436 513 1486 (puer
537 1433 605 1473 hic
633 1448 718 1472 non
744 1434 865 1474 laeve
891 1435 1002 1474 iussa
1037 1435 1149 1474 Plnli
1177 1435 1222 1488 pi

139 1487 430 1542 Accipiebat,)
460 1486 547 1538 abi,
575 1500 731 1541 quaere
761 1496 803 1527 et
827 1487 968 1539 refer,
995 1488 1107 1528 unde
1166 1501 1262 1528 omo
1272 1502 1286 1541 3
1315 1487 1430 1544 quis3

142 1543 269 1582 Cuius
296 1541 493 1580 fortunae
502 1554 515 1591 3
543 1554 627 1594 quo
655 1541 707 1579 sit
729 1549 847 1593 patre
877 1555 1018 1596 quove
1050 1550 1243 1595 patrono.

140 1597 198 1646 It,
223 1594 357 1644 redit,
386 1600 428 1632 et
455 1602 615 1633 narrat:
645 1594 861 1636 Vulteium
888 1595 1054 1635 nomine
1078 1597 1268 1646 Menam⁷
1399 1594 1453 1636 55

139 1650 420 1696 Praeconem,
443 1647 559 1685 tenui
587 1660 737 1698 censu,
765 1648 854 1686 sine
882 1648 1055 1688 crimine
1082 1657 1250 1700 notum3

140 1703 197 1741 Et
223 1713 454 1755 properare
483 1700 578 1739 loco
610 1709 652 1739 et
679 1714 865 1750 cessare,
894 1710 936 1741 et
966 1715 1170 1756 quaerere
1200 1709 1243 1741 et
1268 1702 1355 1754 uti,

141 1755 404 1794 Gaudentem
430 1753 654 1808 parvisque
681 1754 914 1805 sodalibus,
943 1764 986 1794 et
1012 1757 1101 1795 lare
1135 1762 1278 1807 certo,

139 1810 197 1848 Et
224 1807 353 1856 ludis,
383 1814 425 1845 et
451 1814 549 1859 post
576 1807 713 1847 decisa
739 1807 909 1861 negotia
938 1809 1110 1862 Campo.
1270 1847 1272 1850 ,

141 1861 292 1901 Scitari
315 1859 419 1898 libet
444 1873 495 1898 ex
522 1860 613 1912 ipso
643 1874 918 1915 quaecunque
944 1862 1082 1902 refers
1113 1861 1182 1902 dic
1301 1871 1307 1875 '
1399 1857 1451 1899 60

139 1915 207 1954 Ad
235 1926 408 1954 coenam
435 1913 584 1953 veniat.
612 1915 704 1952 Non
732 1927 830 1953 sane
859 1914 1034 1955 credere
1061 1917 1206 1965 Mena3

138 1967 282 2008 Mirari
307 1979 451 2007 secum
475 1966 636 2007 tacitus.
665 1967 781 2025 Quid
807 1967 966 2008 multa?
990 1969 1205 2024 Benigne,

137 2158 182 2166 -
201 2149 240 2170 v.
263 2134 319 2179 4¹,-
352 2134 475 2168 Ithace
496 2135 607 2169 Bentl.
635 2148 655 2169 e
678 2136 933 2181 Porphyrmne·
974 2135 1069 2168 Olim
1094 2135 1186 2177 vulg.
1209 2135 1374 2168 Ithacam
1392 2135 1447 2168 Cf,

136 2185 249 2217 Bentl,
272 2201 317 2208 -—·
341 2192 378 2214 v.
404 2191 456 2222 50.
474 2181 652 2213 Abrasmn
670 2183 739 2215 Fea
759 2194 777 2215 c
800 2182 913 2214 Codd.
924 2181 994 2214 suis
1008 2186 1042 2213 et
1060 2181 1218 2225 pluribus
1229 2181 1446 2214 Edd.vetus-

136 2230 192 2262 tis.
211 2229 267 2261 Cs.
285 2227 432 2259 Gesner.
454 2246 497 2252 —
520 2238 556 2258 v.
577 2229 631 2260 55.
654 2236 777 2260 natum
796 2228 907 2260 Bentl.
928 2237 969 2260 ex
986 2225 1124 2259 duobus
1140 2225 1253 2259 Codd.
1268 2244 1316 2252 —
1336 2237 1375 2259 v.
1390 2225 1445 2259 58.

136 2275 213 2307 lare
232 2279 338 2306 curto
358 2272 467 2304 Bentl.
494 2283 514 2304 e
537 2271 676 2306 (luobus
697 2272 810 2316 Codd.
837 2273 943 2316 Cruq.
