1526 2404
534 177 710 208 Bronon
739 178 884 207 numu.
918 180 957 219 ι).

92 274 151 314 Hi
255 287 279 314 e
306 273 439 327 turpis
466 274 578 313 inter
604 273 739 313 aridas
765 282 882 314 nates

143 328 207 367 Po
238 340 312 379 ex,
338 329 457 368 velut
484 325 639 366 crudae
666 326 800 367 bovis.

93 380 180 422 Sed
203 380 345 422 incitat
370 394 437 420 me
463 387 633 435 peenas,
661 388 707 420 et
731 393 933 422 mammae
960 389 1129 436 putrc8‚

143 433 307 490 Equina
331 434 472 490 quales
501 431 656 483 ubera,
680 447 686 450 ·

92 488 335 542 Venterque
359 486 519 536 mollis,
548 494 592 526 et
615 484 755 527 femur
782 488 1036 530 tumentibus

143 540 265 581 Exile
290 541 394 580 suris
419 539 616 579 additum.

91 594 195 632 Esto
221 593 344 634 beata
357 624 370 644 ,
396 592 522 632 funus
549 600 673 647 atque
696 594 894 650 imagines

143 647 308 686 Ducant
337 645 607 700 triumphales
633 655 775 699 tuum3

90 700 180 740 Nec
205 699 261 738 sit
286 700 455 748 marita,
485 713 593 754 quae
617 701 932 742 rotundioribus

146 751 308 793 Onusta
336 752 473 792 baccis
504 751 699 792 ambulet.

92 804 237 868 Quid?
265 805 379 860 quod
406 805 533 844 libelli
555 805 687 845 Stoici
712 808 821 855 inter
845 810 1003 851 sericos

144 859 287 898 Iacere
312 858 507 912 pulvillos
528 867 688 909 amant,

91 911 280 951 Illiterati
303 924 402 950 num
427 911 561 951 minus
587 914 707 952 nervi
734 914 895 968 rigent,

144 964 331 1004 Minusve
356 965 527 1018 languet
553 964 778 1018 fascinum,

94 1016 226 1079 Quod
248 1025 296 1057 ut
321 1016 505 1070 superbo
531 1032 741 1072 provoces
768 1021 819 1061 ab
847 1022 1038 1077 inguine,

145 1069 238 1111 Ore
265 1069 578 1111 allaborandum
605 1080 671 1112 est
692 1072 799 1138 tibi?

603 1201 792 1244 CAmmn
818 1205 888 1246 lx.

486 1303 567 1343 AD
601 1305 1007 1348 MAECENATEM.

1334 169 1406 209 153

1361 557 1407 583 10

101 1420 103 1422 .
154 1391 323 1425 Laetatur
346 1393 392 1427 de
414 1394 564 1428 victoria
587 1395 632 1428 ab
656 1395 813 1440 Augusto
839 1403 964 1433 contra
986 1400 1175 1434 Antonium
1198 1407 1233 1435 ct
1248 1400 1403 1444 Cleopa-

94 1441 186 1470 tram
207 1444 401 1482 reportata.
606 1459 611 1462 -

589 1517 754 1552 lnetrum
775 1518 876 1555 idem.

96 1594 276 1656 Quapdo
300 1603 518 1651 repostum
545 1597 784 1639 Caecubum
810 1600 863 1639 ad
889 1601 1017 1643 festas
1045 1603 1196 1658 dapes,

148 1648 330 1691 Victore,
350 1649 481 1688 laetus
513 1651 714 1703 Caesare,

97 1701 256 1739 Tecum
280 1700 356 1739 sub
383 1702 485 1753 alta,
510 1704 568 1743 sic
594 1706 683 1746 lovi
708 1714 894 1760 gratum,
923 1709 1074 1762 domo,

147 1755 282 1793 Beate
308 1755 546 1805 Maecenas,
603 1759 737 1810 ibam,

97 1806 279 1846 Sonante
307 1807 479 1846 mixtum
508 1809 618 1850 tibiis
643 1817 813 1852 'carmen
840 1813 950 1867 lyra,

150 1861 242 1899 Hac
266 1860 467 1912 Dorium,
496 1863 575 1902 illis
604 1865 867 1906 Barbarum?

97 1911 155 1951 Ut
179 1927 337 1966 nuper,
363 1922 479 1955 actus
506 1930 635 1976 quum
659 1919 774 1958 freto
800 1921 1031 1975 Neptunius

150 1965 250 2005 Dux
275 1965 410 2020 fugit,
438 1976 541 2009 ustis
570 1972 767 2024 navibus,

278 2054 356 2061 ...-

100 2121 147 2130 -
166 2115 198 2135 v.
217 2105 268 2138 15.
293 2104 348 2138 Ita
362 2106 455 2141 hunc
469 2109 590 2142 locum
604 2110 818 2153 interpunxit
831 2109 939 2142 Both.
961 2123 1066 2155 quem
1081 2111 1162 2144 vid.
1187 2112 1302 2153 vulgo
1326 2116 1404 2154 pus!

103 2157 248 2189 amaru,
270 2151 405 2193 rigent,
414 2152 598 2198 fitscinum
623 2156 909 2199 interrogationis
931 2157 1026 2200 signa
1050 2158 1287 2190 collocantur.

147 2192 198 2224 IX
209 2218 221 2236 ,
245 2206 277 2227 v.
291 2196 324 2228 5.
346 2199 483 2232 mistum
500 2199 588 2232 Edd.
612 2206 695 2234 vett.
715 2202 830 2234 malacus
845 2201 964 2234 Bentl.
986 2214 1004 2235 e
1019 2202 1157 2235 duobus
1174 2202 1290 2235 codd.
1304 2203 1405 2232 Lam-

106 2238 177 2269 bin.
