1526 2404
163 152 222 211 7⁴
301 146 304 149 ’
619 160 661 203 ss*
688 158 871 191 nonu-u
898 158 1058 191 ruem

645 253 1013 318 Damasippus.

134 343 139 346 Δ
165 361 372 403 Maiorem
404 372 547 406 censu,
1231 308 1402 351 cunum

687 413 966 455 Horatius.

591 478 756 519 Tenens
768 509 780 531 ‚
808 478 1065 533 Damasippo
1074 508 1088 530 ‚
1111 478 1195 521 tuis
1225 486 1283 520 te.

647 550 688 588 D
701 563 723 587 a
733 563 775 587 m
786 562 809 587 a
819 562 837 587 s
847 548 898 601 ip
911 562 939 601 p
949 562 980 586 u
989 561 1021 589 s-
1243 545 1252 558 ⁸

169 611 285 651 Mille
320 611 558 665 puellarum
568 645 580 667 ‚
604 627 839 669 puerorum
862 613 978 653 mille
1004 611 1193 655 furores.
1411 613 1492 655 325

686 680 727 717 H
739 693 762 718 o
775 694 798 718 r
808 693 830 718 a
841 687 858 718 t
867 679 881 718 i
891 693 920 717 u
930 692 965 719 s,

167 741 209 783 Ο
236 742 371 783 maior
396 744 568 784 tandem
593 756 740 799 parcas
751 772 768 794 Ὦ
790 742 934 782 insane
945 771 958 796 ,
987 740 1151 791 minori.

691 930 861 972 Sum*
891 930 964 975 IV.

234 1039 287 1074 De
316 1040 416 1074 Catio
428 1064 439 1084 ,
463 1050 570 1083 quem
589 1039 655 1072 sibi
675 1039 838 1072 Horatius
857 1038 956 1082 fingit
975 1037 1059 1072 artis
1077 1036 1271 1075 culinen-ino
1293 1041 1329 1071 et
1349 1046 1494 1070 mensae

168 1085 356 1118 struendae
379 1091 569 1130 praecepta
588 1096 722 1118 summa
746 1096 826 1118 cum
851 1085 1017 1127 gravitate
1040 1088 1074 1116 et
1096 1088 1264 1127 tanquam
1288 1093 1330 1115 ex
1348 1080 1492 1127 tripode

165 1130 383 1173 tradentem,
400 1131 544 1173 Cruquii
562 1130 703 1163 Scholia
718 1129 803 1162 haec
821 1129 924 1162 nobis
942 1129 1118 1162 referunt:
1142 1126 1216 1160 Sub
1256 1125 1386 1160 ersona
1400 1126 1496 1159 Cani·

165 1176 306 1208 risurus
329 1184 380 1208 est
401 1184 506 1219 poeta
527 1174 563 1206 E
584 1176 742 1214 ictu-eos,
766 1182 807 1206 ut
825 1175 862 1205 in
883 1174 1050 1218 proxima
1076 1171 1182 1216 (risit)
1248 1173 1369 1204 toicos.
1405 1171 1495 1203 Fuit

165 1229 288 1252 autem
307 1220 358 1252 M.
383 1220 506 1252 Catius
524 1187 722 1263 Essicureus
731 1242 742 1258 ,
768 1219 835 1264 qui
849 1226 1010 1263 quatuor
1030 1217 1137 1249 libros
1154 1217 1293 1260 scripsit
1310 1214 1352 1248 de
1372 1227 1491 1248 rerum

167 1274 303 1298 natura
320 1273 352 1298 et
378 1264 420 1297 de
437 1274 579 1298 summo
597 1264 706 1303 bono,
729 1261 832 1308 quod
847 1274 924 1294 cnm
941 1262 1112 1307 Epicurei
1123 1262 1162 1293 in
1184 1261 1364 1306 voluptate
1378 1272 1489 1305 pone-

163 1319 266 1350 rent,
288 1309 321 1342 h.
343 1323 390 1350 e.‚
411 1311 450 1343 in
469 1310 576 1354 gulae
595 1318 629 1342 et
645 1320 801 1353 corpor-ts
819 1306 975 1348 libidine,
992 1315 1119 1339 contra
1142 1305 1299 1347 Stoicos,
1316 1307 1383 1352 qui
1393 1317 1490 1338 sum-

171 1365 274 1389 mum
294 1355 422 1389 honum
442 1354 605 1388 dicebant
632 1366 703 1386 esse
730 1353 943 1398 voluptatem
966 1362 1088 1384 rerum
1107 1350 1363 1391 honestarum,
1382 1358 1494 1394 rogat

167 1401 309 1433 Catium
337 1401 530 1440 Horatius,
562 1408 602 1433 ut
624 1399 691 1431 sibi
719 1397 815 1431 dicat
844 1409 971 1430 coenae
998 1395 1184 1443 parandae
1207 1404 1243 1429 et
1267 1393 1491 1429 ordinandae

165 1447 382 1490 magistrum
400 1447 541 1491 eiusque
555 1452 754 1491 praecepta.
787 1443 926 1475 Catium
947 1443 1160 1487 Epicureum
1183 1441 1345 1474 Insubria
1367 1442 1489 1474 oriun-

166 1491 252 1523 dum
273 1497 311 1523 ut
326 1492 536 1535 scriptorem
554 1501 668 1534 nuper
689 1488 880 1521 admodum
897 1494 1074 1520 mortuum
1093 1486 1490 1520 commemorat‘Cicero

164 1537 280 1581 Epist.
302 1535 353 1568 ad
368 1536 552 1568 Familiar.
572 1535 650 1577 XV,
674 1535 725 1568 16.
743 1533 798 1578 Cf.
822 1534 1030 1576 Quintilian.
1049 1534 1094 1574 X,
1121 1544 1149 1564 1.
1167 1531 1303 1578 instne.
1332 1531 1403 1564 Sed
1419 1531 1488 1563 dis-

166 1582 262 1615 ficile
282 1587 332 1614 est
348 1581 392 1613 ad
414 1580 696 1624 intelligendum,
722 1590 785 1612 cur
808 1579 990 1620 Horatius,
1009 1579 1037 1610 si
1060 1587 1142 1610 vere
1162 1578 1349 1610 consilium
1367 1575 1490 1609 habuit.

165 1627 359 1671 Epicureos
386 1626 594 1668 deridendi,
620 1625 713 1658 hunc
737 1625 956 1669 potissimum
983 1623 1121 1656 Catium
1140 1624 1210 1655 iam
1235 1622 1295 1654 diu
1310 1628 1489 1657 mortuum

167 1677 201 1705 et
225 1673 321 1704 cuius
347 1672 515 1704 memoria
541 1672 609 1703 iam
633 1676 728 1704 certe
753 1675 841 1703 esset
867 1669 1088 1710 oblitterata,
1114 1669 1210 1712 quasi
1239 1679 1280 1701 ex
1302 1667 1422 1700 inferis
1443 1666 1488 1700 ad

165 1716 259 1749 hunc
288 1728 488 1750 sermonem
519 1716 720 1749 habendum
748 1715 1017 1748 resuscitaverit.
1057 1715 1188 1747 Procul
1220 1712 1331 1746 dubio
1357 1723 1488 1746 nomen

166 1762 255 1794 Catii
275 1767 308 1794 et
333 1763 431 1795 locus
457 1761 558 1794 huius
581 1762 715 1795 Satirae
734 1761 893 1793 Stoicum
912 1760 1111 1804 Damasippi
1126 1757 1329 1803 philosophi
1350 1768 1486 1790 sermo-

165 1818 246 1840 nem
262 1807 465 1851 excipientis
487 1813 620 1840 veteres
645 1807 855 1840 Scholiastas
869 1805 913 1837 ad
938 1806 1150 1847 singularem
1168 1804 1260 1836 hanc
1281 1803 1487 1847 opinionem

165 1851 320 1886 adduxit.
350 1853 543 1897 Praecepta
560 1852 702 1897 quidem
723 1853 759 1883 in
780 1850 849 1883 hoc
871 1861 1034 1883 sermone
1058 1849 1187 1888 tradita
1207 1850 1412 1892 neutiquam
1428 1847 1485 1879 lu-

165 1898 300 1930 xuriam
326 1902 359 1930 et
385 1899 486 1940 gulae
512 1897 834 1942 intemperantiam,
858 1895 921 1928 sed
947 1895 1062 1940 potius
1080 1895 1210 1927 victum
1229 1894 1424 1937 elegantem
1451 1898 1486 1926 et

166 1954 247 1975 cum
273 1943 442 1985 elegantia
466 1943 655 1975 valetudini
679 1953 754 1974 non
781 1940 1020 1974 adversantem
1047 1937 1307 1973 commendant.
1340 1938 1485 1982 Praete-

165 1997 227 2020 rea
244 1993 375 2020 certam
391 1988 566 2031 quandam
592 1998 780 2033 personam
802 1988 919 2019 omnia
943 1985 1117 2030 produnt,
1141 1989 1180 2015 ut
1203 1982 1339 2023 liquido
1355 1982 1484 2014 Roma-

165 2042 230 2065 nus
255 2032 398 2076 quidam
420 2033 553 2066 Horatii
579 2034 733 2078 aequalis
757 2043 775 2064 a
791 2038 897 2076 poeta
921 2030 1123 2063 derideatur
1141 2028 1206 2061 sub
1228 2025 1319 2062 Catii
1340 2027 1485 2062 nomine

166 2077 288 2112 latens.
315 2078 542 2123 Quapropter
564 2079 666 2111 nobis
701 2089 773 2110 non
804 2087 902 2110 mera
924 2075 1156 2109 hariolatione
1179 2073 1242 2106 sed
1273 2072 1484 2107 certioribus

166 2123 362 2156 rationibus
386 2124 576 2158 Wielandii
611 2123 784 2158 sententia
808 2123 870 2154 niti
903 2120 1063 2162 videtur,
1097 2125 1212 2151 totum
1243 2118 1313 2151 hoc
1341 2129 1484 2152 carmen

167 2168 406 2212 bonscriptum
430 2180 504 2202 esse
527 2170 710 2203 statuentis
735 2168 770 2199 in
798 2168 943 2211 gratiam
966 2165 1177 2199 Maecenatis
1199 2169 1234 2197 et
1263 2163 1483 2207 reliquorum

167 2213 242 2257 eiu:
266 2213 530 2258 convictorum,
560 2221 666 2262 atque
691 2211 729 2248 id
753 2213 975 2261 potissimum
998 2215 1142 2256 poetam
1170 2214 1330 2243 nostrum
1358 2219 1483 2252 agere,
