1526 2404
512 161 689 191 nonos
720 159 865 187 minna.
908 152 966 195 14.
1326 145 1402 199 ⁸⁵9

86 259 143 298 Et
163 257 312 308 decet,
333 255 515 297 obducta
533 254 721 301 solvatur
744 252 888 294 fronte
905 257 1110 292 senectus.
1371 251 1402 297 5

137 313 206 350 Tu
225 312 317 352 vina
337 312 554 365 Torquato
573 321 699 348 move
719 307 903 350 Consule
924 317 1070 359 pressa
1090 315 1201 344 meo.

87 365 243 405 Cetera
258 364 376 404 mitte
394 362 530 417 loqui:
557 361 675 401 Deus
701 359 807 414 haec
828 359 1011 399 fortasse
1035 356 1216 411 benigna

137 417 334 458 Reducet
358 416 400 456 in
427 415 573 455 sedem
601 414 708 455 vice.
733 415 852 452 Nunc
880 419 924 451 et
962 409 1244 451 Achaemenio

83 470 291 512 Perfundi
319 468 451 510 nardo
478 468 616 518 iuvat,
644 474 687 511 et
713 465 798 506 fide
836 465 1032 516 Cyllenea

135 525 299 564 Levare
326 522 426 563 diris
485 528 628 560 ectora
654 517 1013 560 sollicitudinibus.
1354 528 1403 557 ιο

83 577 245 618 Nobilis
275 584 323 617 ut
350 536 499 629 grandi
525 573 676 613 cecinit
703 573 934 613 Centaurus
963 570 1150 610 alumn0=
1187 602 1190 605 ,

134 631 316 680 Invicte,
342 626 531 668 mortalis
558 626 651 666 Dea
676 634 772 667 nate
798 637 909 678 puer
934 623 1139 673 Thetide,

83 685 147 724 Te
174 691 315 723 manet
342 679 534 720 Assaraci
558 679 706 729 tellus,
733 692 857 734 quam
883 676 1038 731 frigida
1072 676 1194 731 parvi

136 737 321 777 Findunt
347 731 589 773 Scamandri
612 730 801 782 flumina,
827 729 1013 770 lubricus
1041 737 1085 770 et
1116 729 1296 781 Simo‘ss3

83 790 205 830 Unde
230 789 306 830 tibi
331 786 516 826 reditum
542 793 660 826 certo
688 783 925 824 subtemine
952 785 1112 823 Parcae
1353 782 1402 824 15

136 845 334 897 Rupere;
360 852 439 879 nec
464 847 599 878 mater
624 838 795 878 domum
822 836 988 876 caerula
1013 844 1058 875 te
1090 834 1281 876 revehet.

84 897 174 936 Illic
202 908 326 935 omne
351 893 506 932 malum
537 892 635 932 vino
663 899 786 931 cantu
846 902 870 928 e
895 889 1058 939 levato,
1074 940 1085 950 .

137 949 356 990 Deformis
387 944 668 1000 aegrimoniae
697 944 771 985 dul
838 955 887 983 us
915 943 1121 998 alloquiis.

582 1083 771 1124 ciam
791 1077 902 1122 XIV.

426 1167 525 1228 *An
559 1166 1039 1211 MAEGENATEM.

148 1253 304 1299 Phrynen
325 1265 485 1290 amorem
506 1255 648 1289 obstare
660 1278 672 1298 ,
711 1256 899 1300 quominus
933 1254 1072 1289 iambos
1092 1252 1293 1288 Maecenati
1314 1260 1401 1297 pro-

84 1301 208 1334 missos
230 1301 401 1335 absolvat.

84 1389 238 1423 Metram
248 1388 520 1443 mduhmbicum
530 1390 696 1435 primum,
721 1389 920 1424 hexametro
934 1387 1072 1423 heroico
1096 1395 1132 1422 et
1143 1398 1246 1422 versu
1258 1385 1402 1421 iambico

129 1444 357 1481 quam
380 1443 556 1470 commas.

85 1515 221 1554 Mollis
248 1515 395 1555 inertia
414 1529 491 1556 cur
515 1525 670 1557 tantam
690 1515 910 1557 diffuderit
931 1516 1024 1556 imis

138 1566 404 1608 Oblivionem
444 1569 655 1621 sensibus,

86 1619 244 1660 Pocula
269 1621 477 1663 Lethaeos
503 1631 551 1663 ut
583 1624 618 1663 si
648 1623 841 1664 ducentia
874 1635 1043 1662 somnos

138 1674 297 1712 Arente
323 1673 448 1714 fauce
473 1675 693 1728 traxerim,

89 1725 273 1766 Candide
299 1728 540 1778 Maecenas,
568 1730 723 1769 occidis
750 1742 875 1782 saepe
902 1726 1115 1782 rogando:
1373 1723 1401 1763 5

140 1780 281 1830 Deus,
308 1780 426 1821 Deus
451 1796 546 1822 nam
571 1795 641 1822 me
667 1789 783 1823 vetat

86 1946 133 1954 —
154 1940 186 1961 v.
206 1929 238 1962 8.
264 1928 490 1962 Achaemenio
510 1940 529 1962 e
552 1929 711 1973 plurimis
727 1927 846 1964 codd.
866 1935 904 1963 et
920 1928 1167 1973 antiquissimis
1183 1923 1276 1959 Edd.
1295 1934 1400 1957 revo-

89 1974 182 2007 cavit
205 1973 326 2006 Bentl.
343 1985 495 2018 eumque
518 1976 675 2018 sequitur
694 1976 776 2008 Fea.
798 1975 902 2018 Vulg.
926 1973 1165 2007 Achae-menia.
1179 1971 1261 2003 vid.
1286 1970 1399 2002 Bentl.

88 2035 134 2042 —
164 2030 196 2051 v.
224 2020 275 2052 15.
307 2028 407 2052 curto
439 2030 508 2063 pro
540 2028 632 2052 certo
667 2021 760 2052 coni.
795 2019 916 2052 Bentl.
946 2019 1156 2052 sub-stamine
1191 2016 1287 2047 (2011.
1317 2015 1400 2048 Sax.

89 2063 300 2106 subtegmine
330 2065 450 2108 plures
474 2064 563 2096 Edd.
590 2069 674 2097 vett.
704 2084 748 2092 --
782 2077 813 2097 v.
842 2065 899 2098 ¹8.
929 2066 1221 2098 coniunctionem
1252 2068 1286 2092 ec
1316 2065 1399 2092 ante

89 2105 249 2158 dulct'bus
267 2109 386 2152 plures
397 2109 512 2142 Codd.
534 2108 630 2153 apud
645 2109 755 2141 Bentl.
778 2110 873 2144 inter
890 2110 1014 2152 lineas,
1033 2109 1127 2141 unde
1148 2106 1242 2140 coni.
1262 2115 1305 2138 ac
1318 2103 1399 2136 dul-

91 2151 196 2184 abus.
219 2153 301 2185 Vid.
327 2153 450 2189 Bentl.
468 2154 666 2188 Mitscherl.
689 2155 772 2187 Fea.

136 2197 232 2230 XIV.
255 2209 286 2230 v.
306 2199 339 2231 3.
363 2199 472 2233 veluti
489 2198 654 2233 ducentia
677 2200 813 2244 aliquot
833 2196 955 2236 Codd.
972 2196 1058 2233 vid.
1082 2197 1198 2232 Bentl.
