<?xml version="1.0" encoding="UTF-8"?>
<!DOCTYPE html PUBLIC "-//W3C//DTD XHTML 1.0 Transitional//EN"
    "http://www.w3.org/TR/xhtml1/DTD/xhtml1-transitional.dtd">
<html xmlns="http://www.w3.org/1999/xhtml" xml:lang="en" lang="en">
 <head>
  <title>
</title>
<meta http-equiv="Content-Type" content="text/html;charset=utf-8" />
  <meta name='ocr-system' content='tesseract 3.04.00' />
  <meta name='ocr-capabilities' content='ocr_page ocr_carea ocr_par ocr_line ocrx_word'/>
</head>
<body>
  <div class='ocr_page' id='page_1' title='image "./operaomnia01horauoft_0296.png"; bbox 0 0 1526 2404; ppageno 0'>
   <div class='ocr_carea' id='block_1_1' title="bbox 171 182 1040 225">
    <p class='ocr_par' dir='ltr' id='par_1_1' title="bbox 171 182 1040 225">
     <span class='ocr_line' id='line_1_1' title="bbox 171 182 1040 225; baseline -0.002 -14"><span class='ocrx_word' id='word_1_1' title='bbox 171 184 244 212; x_wconf 82' lang='lat'><strong>120</strong></span> <span class='ocrx_word' id='word_1_2' title='bbox 616 182 643 225; x_wconf 73' lang='lat' dir='ltr'><strong>Q</strong></span> <span class='ocrx_word' id='word_1_3' title='bbox 671 182 855 210; x_wconf 65' lang='lat' dir='ltr'><strong>nolunt</strong></span> <span class='ocrx_word' id='word_1_4' title='bbox 883 182 1040 210; x_wconf 75' lang='lat' dir='ltr'><strong>FLAccl</strong></span> 
     </span>
    </p>
   </div>
   <div class='ocr_carea' id='block_1_2' title="bbox 159 276 1488 1877">
    <p class='ocr_par' dir='ltr' id='par_1_2' title="bbox 159 276 1488 1877">
     <span class='ocr_line' id='line_1_2' title="bbox 166 276 1350 332; baseline 0 -14"><span class='ocrx_word' id='word_1_5' title='bbox 166 278 382 318; x_wconf 88' lang='lat' dir='ltr'><strong>Fraternis</strong></span> <span class='ocrx_word' id='word_1_6' title='bbox 410 277 575 327; x_wconf 86' lang='lat' dir='ltr'><strong>animis,</strong></span> <span class='ocrx_word' id='word_1_7' title='bbox 603 276 704 332; x_wconf 85' lang='lat' dir='ltr'><strong>quid</strong></span> <span class='ocrx_word' id='word_1_8' title='bbox 765 276 807 316; x_wconf 83' lang='lat' dir='ltr'><strong>‘d</strong></span> <span class='ocrx_word' id='word_1_9' title='bbox 834 282 962 330; x_wconf 84' lang='lat' dir='ltr'><strong>negat</strong></span> <span class='ocrx_word' id='word_1_10' title='bbox 986 277 1115 326; x_wconf 84' lang='lat' dir='ltr'><strong>alter,</strong></span> <span class='ocrx_word' id='word_1_11' title='bbox 1144 285 1188 318; x_wconf 86' lang='lat' dir='ltr'><strong>et</strong></span> <span class='ocrx_word' id='word_1_12' title='bbox 1217 277 1350 329; x_wconf 84' lang='lat' dir='ltr'><strong>alter,</strong></span> 
     </span>
     <span class='ocr_line' id='line_1_3' title="bbox 159 288 1482 385; baseline 0.001 -15"><span class='ocrx_word' id='word_1_13' title='bbox 159 332 396 374; x_wconf 83' lang='lat' dir='ltr'><strong>Annuimus</strong></span> <span class='ocrx_word' id='word_1_14' title='bbox 425 331 584 384; x_wconf 89' lang='lat' dir='ltr'><strong>pariter</strong></span> <span class='ocrx_word' id='word_1_15' title='bbox 615 288 777 370; x_wconf 62' lang='lat' dir='ltr'><strong>venffim</strong></span> <span class='ocrx_word' id='word_1_16' title='bbox 770 329 944 385; x_wconf 84' lang='lat' dir='ltr'><strong>notique</strong></span> <span class='ocrx_word' id='word_1_17' title='bbox 973 329 1165 370; x_wconf 83' lang='lat' dir='ltr'><strong>columbi.</strong></span> <span class='ocrx_word' id='word_1_18' title='bbox 1454 330 1482 371; x_wconf 89' lang='grc'>5</span> 
     </span>
     <span class='ocr_line' id='line_1_4' title="bbox 166 383 1201 438; baseline -0.001 -15"><span class='ocrx_word' id='word_1_19' title='bbox 166 386 234 423; x_wconf 89' lang='lat' dir='ltr'><strong>Tu</strong></span> <span class='ocrx_word' id='word_1_20' title='bbox 260 385 404 424; x_wconf 86' lang='lat' dir='ltr'><strong>nidum</strong></span> <span class='ocrx_word' id='word_1_21' title='bbox 432 398 601 432; x_wconf 82' lang='lat' dir='ltr'><strong>servas,</strong></span> <span class='ocrx_word' id='word_1_22' title='bbox 633 397 714 438; x_wconf 83' lang='lat' dir='ltr'><strong>ego</strong></span> <span class='ocrx_word' id='word_1_23' title='bbox 743 383 869 423; x_wconf 87' lang='lat' dir='ltr'><strong>laudo</strong></span> <span class='ocrx_word' id='word_1_24' title='bbox 897 383 1007 422; x_wconf 89' lang='lat' dir='ltr'><strong>ruris</strong></span> <span class='ocrx_word' id='word_1_25' title='bbox 1035 384 1201 430; x_wconf 81' lang='lat' dir='ltr'><strong>amoeni</strong></span> 
     </span>
     <span class='ocr_line' id='line_1_5' title="bbox 165 437 1242 492; baseline -0.001 -16"><span class='ocrx_word' id='word_1_26' title='bbox 165 438 297 477; x_wconf 84' lang='lat' dir='ltr'><strong>Rivos</strong></span> <span class='ocrx_word' id='word_1_27' title='bbox 313 468 325 488; x_wconf 87' lang='lat'><strong>,</strong></span> <span class='ocrx_word' id='word_1_28' title='bbox 353 446 396 477; x_wconf 89' lang='lat' dir='ltr'><strong>et</strong></span> <span class='ocrx_word' id='word_1_29' title='bbox 422 451 567 478; x_wconf 86' lang='lat' dir='ltr'><strong>musco</strong></span> <span class='ocrx_word' id='word_1_30' title='bbox 591 437 828 477; x_wconf 74' lang='lat' dir='ltr'><strong>circumlita</strong></span> <span class='ocrx_word' id='word_1_31' title='bbox 855 450 973 486; x_wconf 84' lang='lat' dir='ltr'><strong>saxa,</strong></span> <span class='ocrx_word' id='word_1_32' title='bbox 999 450 1242 492; x_wconf 83' lang='lat' dir='ltr'><strong>nemusque.</strong></span> 
     </span>
     <span class='ocr_line' id='line_1_6' title="bbox 167 489 1342 547; baseline 0 -17"><span class='ocrx_word' id='word_1_33' title='bbox 167 491 282 547; x_wconf 82' lang='lat' dir='ltr'><strong>Quid</strong></span> <span class='ocrx_word' id='word_1_34' title='bbox 311 490 506 546; x_wconf 87' lang='lat' dir='ltr'><strong>quaeris?</strong></span> <span class='ocrx_word' id='word_1_35' title='bbox 536 491 632 531; x_wconf 81' lang='lat' dir='ltr'><strong>vivo</strong></span> <span class='ocrx_word' id='word_1_36' title='bbox 663 499 706 530; x_wconf 89' lang='lat' dir='ltr'><strong>et</strong></span> <span class='ocrx_word' id='word_1_37' title='bbox 731 504 889 545; x_wconf 86' lang='lat' dir='ltr'><strong>regno,</strong></span> <span class='ocrx_word' id='word_1_38' title='bbox 919 489 1040 529; x_wconf 90' lang='lat' dir='ltr'><strong>simul</strong></span> <span class='ocrx_word' id='word_1_39' title='bbox 1067 489 1145 529; x_wconf 87' lang='lat' dir='ltr'><strong>ista</strong></span> <span class='ocrx_word' id='word_1_40' title='bbox 1169 489 1342 546; x_wconf 81' lang='lat' dir='ltr'>reliqui,</span> 
     </span>
     <span class='ocr_line' id='line_1_7' title="bbox 167 543 1293 637; baseline -0.002 -53"><span class='ocrx_word' id='word_1_41' title='bbox 167 547 289 637; x_wconf 52' lang='lat' dir='ltr'><strong>guae</strong></span> <span class='ocrx_word' id='word_1_42' title='bbox 315 558 392 584; x_wconf 88' lang='lat' dir='ltr'><strong>vos</strong></span> <span class='ocrx_word' id='word_1_43' title='bbox 422 545 473 583; x_wconf 86' lang='lat' dir='ltr'><strong>ad</strong></span> <span class='ocrx_word' id='word_1_44' title='bbox 502 545 668 583; x_wconf 88' lang='lat' dir='ltr'><strong>coelum</strong></span> <span class='ocrx_word' id='word_1_45' title='bbox 695 544 858 584; x_wconf 81' lang='lat' dir='ltr'><strong>effertis</strong></span> <span class='ocrx_word' id='word_1_46' title='bbox 886 557 1059 582; x_wconf 87' lang='lat' dir='ltr'><strong>rumore</strong></span> <span class='ocrx_word' id='word_1_47' title='bbox 1086 543 1293 595; x_wconf 87' lang='lat' dir='ltr'><strong>secund03</strong></span> 
     </span>
     <span class='ocr_line' id='line_1_8' title="bbox 208 597 1484 652; baseline -0.001 -15"><span class='ocrx_word' id='word_1_48' title='bbox 208 607 310 652; x_wconf 84' lang='lat' dir='ltr'><strong>tque</strong></span> <span class='ocrx_word' id='word_1_49' title='bbox 339 597 568 637; x_wconf 83' lang='lat' dir='ltr'><strong>sacerdotis</strong></span> <span class='ocrx_word' id='word_1_50' title='bbox 595 597 824 650; x_wconf 76' lang='lat' dir='ltr'><strong>fugitivus,</strong></span> <span class='ocrx_word' id='word_1_51' title='bbox 853 597 936 636; x_wconf 89' lang='lat' dir='ltr'><strong>liba</strong></span> <span class='ocrx_word' id='word_1_52' title='bbox 962 609 1136 646; x_wconf 88' lang='lat' dir='ltr'><strong>recuso;</strong></span> <span class='ocrx_word' id='word_1_53' title='bbox 1437 611 1484 636; x_wconf 87' lang='lat'><strong>10</strong></span> 
     </span>
     <span class='ocr_line' id='line_1_9' title="bbox 166 650 1159 704; baseline -0.003 -13"><span class='ocrx_word' id='word_1_54' title='bbox 166 653 283 691; x_wconf 87' lang='lat' dir='ltr'><strong>Pane</strong></span> <span class='ocrx_word' id='word_1_55' title='bbox 313 664 421 704; x_wconf 84' lang='lat' dir='ltr'><strong>egeo</strong></span> <span class='ocrx_word' id='word_1_56' title='bbox 450 651 530 690; x_wconf 89' lang='lat' dir='ltr'><strong>iam</strong></span> <span class='ocrx_word' id='word_1_57' title='bbox 554 651 722 690; x_wconf 88' lang='lat' dir='ltr'><strong>mellitis</strong></span> <span class='ocrx_word' id='word_1_58' title='bbox 750 650 918 704; x_wconf 87' lang='lat' dir='ltr'><strong>potiore</strong></span> <span class='ocrx_word' id='word_1_59' title='bbox 945 650 1159 703; x_wconf 85' lang='lat' dir='ltr'><strong>placentis.</strong></span> 
     </span>
     <span class='ocr_line' id='line_1_10' title="bbox 165 705 1148 756; baseline -0.002 -12"><span class='ocrx_word' id='word_1_60' title='bbox 165 705 327 746; x_wconf 84' lang='lat' dir='ltr'><strong>Vivere</strong></span> <span class='ocrx_word' id='word_1_61' title='bbox 355 713 527 744; x_wconf 86' lang='lat' dir='ltr'><strong>naturae</strong></span> <span class='ocrx_word' id='word_1_62' title='bbox 558 705 593 743; x_wconf 93' lang='lat' dir='ltr'><strong>si</strong></span> <span class='ocrx_word' id='word_1_63' title='bbox 621 705 921 747; x_wconf 84' lang='lat' dir='ltr'><strong>convenienter</strong></span> <span class='ocrx_word' id='word_1_64' title='bbox 950 711 1148 756; x_wconf 87' lang='lat' dir='ltr'>oportet,</span> 
     </span>
     <span class='ocr_line' id='line_1_11' title="bbox 166 756 1350 813; baseline -0.001 -15"><span class='ocrx_word' id='word_1_65' title='bbox 166 757 395 798; x_wconf 86' lang='lat' dir='ltr'><strong>Ponendae</strong></span> <span class='ocrx_word' id='word_1_66' title='bbox 458 772 481 798; x_wconf 92' lang='lat' dir='ltr'><strong>e</strong></span> <span class='ocrx_word' id='word_1_67' title='bbox 510 758 637 797; x_wconf 83' lang='lat' dir='ltr'><strong>domo</strong></span> <span class='ocrx_word' id='word_1_68' title='bbox 666 757 905 813; x_wconf 87' lang='lat' dir='ltr'><strong>quaerenda</strong></span> <span class='ocrx_word' id='word_1_69' title='bbox 933 765 997 796; x_wconf 88' lang='lat' dir='ltr'><strong>est</strong></span> <span class='ocrx_word' id='word_1_70' title='bbox 1023 770 1121 796; x_wconf 83' lang='lat' dir='ltr'><strong>area</strong></span> <span class='ocrx_word' id='word_1_71' title='bbox 1146 756 1350 810; x_wconf 82' lang='lat' dir='ltr'><strong>primum:</strong></span> 
     </span>
     <span class='ocr_line' id='line_1_12' title="bbox 166 809 1107 865; baseline -0.002 -15"><span class='ocrx_word' id='word_1_72' title='bbox 166 811 384 851; x_wconf 85' lang='lat' dir='ltr'>Novistine</span> <span class='ocrx_word' id='word_1_73' title='bbox 429 825 554 851; x_wconf 92' lang='lat' dir='ltr'><strong>ocum</strong></span> <span class='ocrx_word' id='word_1_74' title='bbox 582 811 794 865; x_wconf 90' lang='lat' dir='ltr'><strong>potiorem</strong></span> <span class='ocrx_word' id='word_1_75' title='bbox 821 824 922 850; x_wconf 89' lang='lat' dir='ltr'><strong>rure</strong></span> <span class='ocrx_word' id='word_1_76' title='bbox 949 809 1107 849; x_wconf 85' lang='lat' dir='ltr'><strong>beato?</strong></span> 
     </span>
     <span class='ocr_line' id='line_1_13' title="bbox 167 863 1488 918; baseline 0.001 -14"><span class='ocrx_word' id='word_1_77' title='bbox 167 866 246 904; x_wconf 88' lang='lat' dir='ltr'><strong>Est</strong></span> <span class='ocrx_word' id='word_1_78' title='bbox 274 864 346 903; x_wconf 91' lang='lat' dir='ltr'><strong>ubi</strong></span> <span class='ocrx_word' id='word_1_79' title='bbox 371 865 466 918; x_wconf 87' lang='lat' dir='ltr'><strong>plus</strong></span> <span class='ocrx_word' id='word_1_80' title='bbox 496 873 667 918; x_wconf 79' lang='lat' dir='ltr'><strong>tepeant</strong></span> <span class='ocrx_word' id='word_1_81' title='bbox 693 866 853 905; x_wconf 88' lang='lat' dir='ltr'><strong>hiemes</strong></span> <span class='ocrx_word' id='word_1_82' title='bbox 869 863 889 902; x_wconf 70' lang='grc' dir='ltr'><strong>ἱ)</strong></span> <span class='ocrx_word' id='word_1_83' title='bbox 917 863 989 903; x_wconf 92' lang='lat' dir='ltr'><strong>ubi</strong></span> <span class='ocrx_word' id='word_1_84' title='bbox 1017 863 1177 917; x_wconf 78' lang='lat' dir='ltr'><strong>gratior</strong></span> <span class='ocrx_word' id='word_1_85' title='bbox 1205 877 1307 903; x_wconf 83' lang='lat' dir='ltr'><strong>aura</strong></span> <span class='ocrx_word' id='word_1_86' title='bbox 1439 864 1488 905; x_wconf 84' lang='lat'><strong>15</strong></span> 
     </span>
     <span class='ocr_line' id='line_1_14' title="bbox 166 917 1263 968; baseline -0.002 -11"><span class='ocrx_word' id='word_1_87' title='bbox 166 918 316 957; x_wconf 89' lang='lat' dir='ltr'><strong>Leniat</strong></span> <span class='ocrx_word' id='word_1_88' title='bbox 345 927 388 957; x_wconf 91' lang='lat' dir='ltr'><strong>et</strong></span> <span class='ocrx_word' id='word_1_89' title='bbox 411 917 573 957; x_wconf 83' lang='lat' dir='ltr'><strong>rabiem</strong></span> <span class='ocrx_word' id='word_1_90' title='bbox 603 919 749 968; x_wconf 88' lang='lat' dir='ltr'><strong>Canis,</strong></span> <span class='ocrx_word' id='word_1_91' title='bbox 779 926 822 958; x_wconf 88' lang='lat' dir='ltr'><strong>et</strong></span> <span class='ocrx_word' id='word_1_92' title='bbox 850 926 1060 957; x_wconf 88' lang='lat' dir='ltr'><strong>momenta</strong></span> <span class='ocrx_word' id='word_1_93' title='bbox 1086 917 1263 965; x_wconf 78' lang='lat' dir='ltr'><strong>Leonis,</strong></span> 
     </span>
     <span class='ocr_line' id='line_1_15' title="bbox 166 969 1328 1064; baseline -0.001 -54"><span class='ocrx_word' id='word_1_94' title='bbox 166 972 312 1064; x_wconf 51' lang='lat' dir='ltr'><strong>guum</strong></span> <span class='ocrx_word' id='word_1_95' title='bbox 341 972 471 1011; x_wconf 89' lang='lat' dir='ltr'><strong>semel</strong></span> <span class='ocrx_word' id='word_1_96' title='bbox 505 972 666 1025; x_wconf 90' lang='lat' dir='ltr'><strong>accepit</strong></span> <span class='ocrx_word' id='word_1_97' title='bbox 692 973 826 1012; x_wconf 87' lang='lat' dir='ltr'><strong>solem</strong></span> <span class='ocrx_word' id='word_1_98' title='bbox 852 970 1104 1010; x_wconf 83' lang='lat' dir='ltr'><strong>furibundus</strong></span> <span class='ocrx_word' id='word_1_99' title='bbox 1132 969 1328 1009; x_wconf 83' lang='lat' dir='ltr'><strong>acutum?</strong></span> 
     </span>
     <span class='ocr_line' id='line_1_16' title="bbox 208 1022 1229 1065; baseline -0.003 -1"><span class='ocrx_word' id='word_1_100' title='bbox 208 1033 246 1064; x_wconf 90' lang='lat' dir='ltr'><strong>st</strong></span> <span class='ocrx_word' id='word_1_101' title='bbox 273 1024 345 1064; x_wconf 86' lang='lat' dir='ltr'><strong>ubi</strong></span> <span class='ocrx_word' id='word_1_102' title='bbox 374 1025 546 1064; x_wconf 87' lang='lat' dir='ltr'><strong>divellat</strong></span> <span class='ocrx_word' id='word_1_103' title='bbox 574 1039 742 1065; x_wconf 88' lang='lat' dir='ltr'><strong>somnos</strong></span> <span class='ocrx_word' id='word_1_104' title='bbox 770 1024 904 1064; x_wconf 90' lang='lat' dir='ltr'><strong>minus</strong></span> <span class='ocrx_word' id='word_1_105' title='bbox 932 1023 1073 1063; x_wconf 85' lang='lat' dir='ltr'><strong>invida</strong></span> <span class='ocrx_word' id='word_1_106' title='bbox 1099 1022 1229 1063; x_wconf 86' lang='lat' dir='ltr'><strong>cura?</strong></span> 
     </span>
     <span class='ocr_line' id='line_1_17' title="bbox 167 1075 1310 1130; baseline -0.001 -14"><span class='ocrx_word' id='word_1_107' title='bbox 167 1078 370 1117; x_wconf 85' lang='lat' dir='ltr'><strong>Deterius</strong></span> <span class='ocrx_word' id='word_1_108' title='bbox 399 1078 564 1130; x_wconf 84' lang='lat' dir='ltr'><strong>Libycis</strong></span> <span class='ocrx_word' id='word_1_109' title='bbox 594 1080 682 1118; x_wconf 91' lang='lat' dir='ltr'><strong>olet</strong></span> <span class='ocrx_word' id='word_1_110' title='bbox 710 1086 780 1118; x_wconf 87' lang='lat' dir='ltr'><strong>aut</strong></span> <span class='ocrx_word' id='word_1_111' title='bbox 807 1078 913 1117; x_wconf 88' lang='lat' dir='ltr'><strong>nitet</strong></span> <span class='ocrx_word' id='word_1_112' title='bbox 938 1076 1094 1125; x_wconf 81' lang='lat' dir='ltr'><strong>herba,</strong></span> <span class='ocrx_word' id='word_1_113' title='bbox 1128 1075 1310 1130; x_wconf 85' lang='lat' dir='ltr'><strong>lapillis?</strong></span> 
     </span>
     <span class='ocr_line' id='line_1_18' title="bbox 167 1129 1487 1186; baseline -0.002 -16"><span class='ocrx_word' id='word_1_114' title='bbox 167 1132 322 1170; x_wconf 90' lang='lat' dir='ltr'><strong>Purior</strong></span> <span class='ocrx_word' id='word_1_115' title='bbox 349 1132 389 1170; x_wconf 90' lang='lat' dir='ltr'><strong>in</strong></span> <span class='ocrx_word' id='word_1_116' title='bbox 418 1132 518 1171; x_wconf 87' lang='lat' dir='ltr'><strong>vicis</strong></span> <span class='ocrx_word' id='word_1_117' title='bbox 547 1146 653 1186; x_wconf 90' lang='lat' dir='ltr'><strong>aqua</strong></span> <span class='ocrx_word' id='word_1_118' title='bbox 679 1131 813 1173; x_wconf 89' lang='lat' dir='ltr'><strong>tendit</strong></span> <span class='ocrx_word' id='word_1_119' title='bbox 839 1143 1038 1183; x_wconf 77' lang='lat' dir='ltr'><strong>rumpere</strong></span> <span class='ocrx_word' id='word_1_120' title='bbox 1064 1129 1306 1183; x_wconf 86' lang='lat' dir='ltr'><strong>plumbum,</strong></span> <span class='ocrx_word' id='word_1_121' title='bbox 1435 1141 1487 1168; x_wconf 75' lang='lat'><strong>20</strong></span> 
     </span>
     <span class='ocr_line' id='line_1_19' title="bbox 169 1181 1486 1239; baseline -0.002 -17"><span class='ocrx_word' id='word_1_122' title='bbox 169 1184 307 1239; x_wconf 81' lang='lat' dir='ltr'><strong>Quam</strong></span> <span class='ocrx_word' id='word_1_123' title='bbox 325 1196 432 1238; x_wconf 87' lang='lat' dir='ltr'><strong>quae</strong></span> <span class='ocrx_word' id='word_1_124' title='bbox 450 1198 529 1236; x_wconf 89' lang='lat' dir='ltr'><strong>per</strong></span> <span class='ocrx_word' id='word_1_125' title='bbox 547 1199 727 1236; x_wconf 88' lang='lat' dir='ltr'><strong>pronum</strong></span> <span class='ocrx_word' id='word_1_126' title='bbox 754 1183 938 1236; x_wconf 83' lang='lat' dir='ltr'><strong>trepidat</strong></span> <span class='ocrx_word' id='word_1_127' title='bbox 965 1196 1060 1222; x_wconf 88' lang='lat' dir='ltr'><strong>cum</strong></span> <span class='ocrx_word' id='word_1_128' title='bbox 1085 1196 1300 1222; x_wconf 86' lang='lat' dir='ltr'><strong>murmure</strong></span> <span class='ocrx_word' id='word_1_129' title='bbox 1317 1181 1486 1222; x_wconf 84' lang='lat' dir='ltr'><strong>rivum?</strong></span> 
     </span>
     <span class='ocr_line' id='line_1_20' title="bbox 166 1235 1234 1285; baseline -0.004 -9"><span class='ocrx_word' id='word_1_130' title='bbox 166 1238 271 1276; x_wconf 85' lang='lat' dir='ltr'><strong>Nem</strong></span> <span class='ocrx_word' id='word_1_131' title='bbox 308 1251 331 1276; x_wconf 91' lang='lat' dir='ltr'><strong>e</strong></span> <span class='ocrx_word' id='word_1_132' title='bbox 358 1237 468 1276; x_wconf 89' lang='lat' dir='ltr'><strong>inter</strong></span> <span class='ocrx_word' id='word_1_133' title='bbox 496 1237 630 1275; x_wconf 90' lang='lat' dir='ltr'><strong>varias</strong></span> <span class='ocrx_word' id='word_1_134' title='bbox 657 1237 840 1275; x_wconf 87' lang='lat' dir='ltr'><strong>nutritur</strong></span> <span class='ocrx_word' id='word_1_135' title='bbox 867 1236 970 1274; x_wconf 84' lang='lat' dir='ltr'><strong>silva</strong></span> <span class='ocrx_word' id='word_1_136' title='bbox 999 1235 1234 1285; x_wconf 86' lang='lat' dir='ltr'><strong>columnas,</strong></span> 
     </span>
     <span class='ocr_line' id='line_1_21' title="bbox 166 1284 1379 1344; baseline -0.002 -15"><span class='ocrx_word' id='word_1_137' title='bbox 166 1290 272 1329; x_wconf 47' lang='lat' dir='ltr'><strong>Lau*</strong></span> <span class='ocrx_word' id='word_1_138' title='bbox 290 1299 467 1344; x_wconf 86' lang='lat' dir='ltr'><strong>aturque</strong></span> <span class='ocrx_word' id='word_1_139' title='bbox 497 1289 668 1339; x_wconf 88' lang='lat' dir='ltr'><strong>domus,</strong></span> <span class='ocrx_word' id='word_1_140' title='bbox 695 1290 845 1342; x_wconf 82' lang='lat' dir='ltr'><strong>longos</strong></span> <span class='ocrx_word' id='word_1_141' title='bbox 875 1301 983 1341; x_wconf 89' lang='lat' dir='ltr'><strong>quae</strong></span> <span class='ocrx_word' id='word_1_142' title='bbox 1011 1287 1214 1340; x_wconf 83' lang='lat' dir='ltr'><strong>prospicit</strong></span> <span class='ocrx_word' id='word_1_143' title='bbox 1242 1284 1379 1340; x_wconf 81' lang='lat' dir='ltr'><strong>agros.</strong></span> 
     </span>
     <span class='ocr_line' id='line_1_22' title="bbox 166 1343 1329 1395; baseline -0.002 -13"><span class='ocrx_word' id='word_1_144' title='bbox 166 1345 366 1382; x_wconf 83' lang='lat' dir='ltr'><strong>Naturam</strong></span> <span class='ocrx_word' id='word_1_145' title='bbox 396 1343 581 1395; x_wconf 85' lang='lat' dir='ltr'><strong>expelles</strong></span> <span class='ocrx_word' id='word_1_146' title='bbox 609 1343 751 1391; x_wconf 82' lang='lat' dir='ltr'><strong>furca,</strong></span> <span class='ocrx_word' id='word_1_147' title='bbox 780 1350 920 1380; x_wconf 89' lang='lat' dir='ltr'><strong>tamen</strong></span> <span class='ocrx_word' id='word_1_148' title='bbox 948 1353 1082 1394; x_wconf 87' lang='lat' dir='ltr'><strong>usque</strong></span> <span class='ocrx_word' id='word_1_149' title='bbox 1110 1349 1329 1392; x_wconf 87' lang='lat' dir='ltr'><strong>recurret,</strong></span> 
     </span>
     <span class='ocr_line' id='line_1_23' title="bbox 167 1393 1487 1449; baseline -0.002 -13"><span class='ocrx_word' id='word_1_150' title='bbox 167 1397 225 1436; x_wconf 90' lang='lat' dir='ltr'><strong>Et</strong></span> <span class='ocrx_word' id='word_1_151' title='bbox 251 1398 358 1439; x_wconf 84' lang='lat' dir='ltr'><strong>mala</strong></span> <span class='ocrx_word' id='word_1_152' title='bbox 385 1405 632 1449; x_wconf 84' lang='lat' dir='ltr'><strong>perrumpet</strong></span> <span class='ocrx_word' id='word_1_153' title='bbox 659 1395 806 1434; x_wconf 85' lang='lat' dir='ltr'><strong>furtim</strong></span> <span class='ocrx_word' id='word_1_154' title='bbox 835 1393 1000 1433; x_wconf 81' lang='lat' dir='ltr'><strong>fastidia</strong></span> <span class='ocrx_word' id='word_1_155' title='bbox 1027 1393 1189 1432; x_wconf 77' lang='lat' dir='ltr'><strong>victrix.</strong></span> <span class='ocrx_word' id='word_1_156' title='bbox 1435 1395 1487 1434; x_wconf 74' lang='lat'><strong>25</strong></span> 
     </span>
     <span class='ocr_line' id='line_1_24' title="bbox 167 1446 1223 1504; baseline -0.003 -16"><span class='ocrx_word' id='word_1_157' title='bbox 167 1451 284 1496; x_wconf 90' lang='lat' dir='ltr'><strong>Non,</strong></span> <span class='ocrx_word' id='word_1_158' title='bbox 313 1450 384 1504; x_wconf 89' lang='lat' dir='ltr'><strong>qui</strong></span> <span class='ocrx_word' id='word_1_159' title='bbox 412 1449 584 1487; x_wconf 86' lang='lat' dir='ltr'><strong>Sidonio</strong></span> <span class='ocrx_word' id='word_1_160' title='bbox 614 1448 870 1487; x_wconf 84' lang='lat' dir='ltr'><strong>contendere</strong></span> <span class='ocrx_word' id='word_1_161' title='bbox 906 1446 1077 1485; x_wconf 83' lang='lat' dir='ltr'><strong>callidus</strong></span> <span class='ocrx_word' id='word_1_162' title='bbox 1107 1455 1223 1486; x_wconf 90' lang='lat' dir='ltr'><strong>ostro</strong></span> 
     </span>
     <span class='ocr_line' id='line_1_25' title="bbox 167 1499 1174 1557; baseline -0.002 -16"><span class='ocrx_word' id='word_1_163' title='bbox 167 1503 310 1541; x_wconf 84' lang='lat' dir='ltr'><strong>Nescit</strong></span> <span class='ocrx_word' id='word_1_164' title='bbox 337 1502 587 1557; x_wconf 86' lang='lat' dir='ltr'><strong>Aquinatem</strong></span> <span class='ocrx_word' id='word_1_165' title='bbox 614 1502 801 1554; x_wconf 89' lang='lat' dir='ltr'><strong>potantia</strong></span> <span class='ocrx_word' id='word_1_166' title='bbox 827 1500 986 1540; x_wconf 85' lang='lat' dir='ltr'><strong>vellera</strong></span> <span class='ocrx_word' id='word_1_167' title='bbox 1006 1499 1174 1549; x_wconf 84' lang='lat' dir='ltr'><strong>fucum,</strong></span> 
     </span>
     <span class='ocr_line' id='line_1_26' title="bbox 170 1553 1260 1608; baseline -0.001 -15"><span class='ocrx_word' id='word_1_168' title='bbox 170 1556 334 1595; x_wconf 88' lang='lat' dir='ltr'><strong>Certius</strong></span> <span class='ocrx_word' id='word_1_169' title='bbox 364 1555 540 1608; x_wconf 84' lang='lat' dir='ltr'><strong>accipiet</strong></span> <span class='ocrx_word' id='word_1_170' title='bbox 567 1555 760 1593; x_wconf 88' lang='lat' dir='ltr'><strong>damnum</strong></span> <span class='ocrx_word' id='word_1_171' title='bbox 787 1553 1016 1607; x_wconf 71' lang='lat' dir='ltr'><strong>propiusve</strong></span> <span class='ocrx_word' id='word_1_172' title='bbox 1045 1553 1260 1602; x_wconf 84' lang='lat' dir='ltr'><strong>medullis,</strong></span> 
     </span>
     <span class='ocr_line' id='line_1_27' title="bbox 170 1605 1310 1703; baseline -0.002 -55"><span class='ocrx_word' id='word_1_173' title='bbox 170 1609 307 1703; x_wconf 45' lang='lat' dir='ltr'><strong>guam</strong></span> <span class='ocrx_word' id='word_1_174' title='bbox 335 1609 407 1663; x_wconf 90' lang='lat' dir='ltr'><strong>qui</strong></span> <span class='ocrx_word' id='word_1_175' title='bbox 435 1623 518 1648; x_wconf 78' lang='lat' dir='ltr'><strong>non</strong></span> <span class='ocrx_word' id='word_1_176' title='bbox 544 1608 703 1660; x_wconf 84' lang='lat' dir='ltr'><strong>poterit</strong></span> <span class='ocrx_word' id='word_1_177' title='bbox 720 1621 832 1656; x_wconf 30' lang='lat' dir='ltr'><strong>,vero</strong></span> <span class='ocrx_word' id='word_1_178' title='bbox 860 1605 1118 1660; x_wconf 78' lang='lat' dir='ltr'><strong>distinguere</strong></span> <span class='ocrx_word' id='word_1_179' title='bbox 1146 1606 1310 1646; x_wconf 84' lang='lat' dir='ltr'><strong>falsum.</strong></span> 
     </span>
     <span class='ocr_line' id='line_1_28' title="bbox 196 1659 1488 1714; baseline -0.002 -13"><span class='ocrx_word' id='word_1_180' title='bbox 196 1668 310 1701; x_wconf 66' lang='lat' dir='ltr'><strong>luem</strong></span> <span class='ocrx_word' id='word_1_181' title='bbox 336 1676 404 1701; x_wconf 87' lang='lat' dir='ltr'><strong>res</strong></span> <span class='ocrx_word' id='word_1_182' title='bbox 432 1662 525 1714; x_wconf 89' lang='lat' dir='ltr'><strong>plus</strong></span> <span class='ocrx_word' id='word_1_183' title='bbox 554 1662 679 1700; x_wconf 91' lang='lat' dir='ltr'><strong>nimio</strong></span> <span class='ocrx_word' id='word_1_184' title='bbox 716 1662 983 1700; x_wconf 85' lang='lat' dir='ltr'><strong>delectavere</strong></span> <span class='ocrx_word' id='word_1_185' title='bbox 1013 1660 1246 1711; x_wconf 87' lang='lat' dir='ltr'><strong>secundae,</strong></span> <span class='ocrx_word' id='word_1_186' title='bbox 1435 1659 1488 1699; x_wconf 84' lang='lat'><strong>30</strong></span> 
     </span>
     <span class='ocr_line' id='line_1_29' title="bbox 168 1703 1204 1769; baseline -0.003 -15"><span class='ocrx_word' id='word_1_187' title='bbox 168 1703 350 1755; x_wconf 64' lang='lat' dir='ltr'><strong>Mutatae</strong></span> <span class='ocrx_word' id='word_1_188' title='bbox 381 1714 578 1768; x_wconf 83' lang='lat' dir='ltr'><strong>quatient.</strong></span> <span class='ocrx_word' id='word_1_189' title='bbox 612 1715 655 1753; x_wconf 88' lang='lat' dir='ltr'><strong>Si</strong></span> <span class='ocrx_word' id='word_1_190' title='bbox 685 1715 785 1769; x_wconf 92' lang='lat' dir='ltr'><strong>quid</strong></span> <span class='ocrx_word' id='word_1_191' title='bbox 812 1713 1043 1762; x_wconf 85' lang='lat' dir='ltr'><strong>mirabere,</strong></span> <span class='ocrx_word' id='word_1_192' title='bbox 1072 1726 1204 1765; x_wconf 89' lang='lat' dir='ltr'><strong>pones</strong></span> 
     </span>
     <span class='ocr_line' id='line_1_30' title="bbox 169 1767 1283 1821; baseline -0.004 -13"><span class='ocrx_word' id='word_1_193' title='bbox 169 1769 338 1808; x_wconf 85' lang='lat' dir='ltr'><strong>Invitus.</strong></span> <span class='ocrx_word' id='word_1_194' title='bbox 370 1769 491 1821; x_wconf 80' lang='lat' dir='ltr'><strong>Fuge</strong></span> <span class='ocrx_word' id='word_1_195' title='bbox 521 1782 690 1821; x_wconf 77' lang='lat' dir='ltr'><strong>magna;</strong></span> <span class='ocrx_word' id='word_1_196' title='bbox 719 1769 819 1808; x_wconf 82' lang='lat' dir='ltr'><strong>licet</strong></span> <span class='ocrx_word' id='word_1_197' title='bbox 847 1767 924 1806; x_wconf 90' lang='lat' dir='ltr'><strong>sub</strong></span> <span class='ocrx_word' id='word_1_198' title='bbox 953 1780 1141 1819; x_wconf 83' lang='lat' dir='ltr'><strong>paupere</strong></span> <span class='ocrx_word' id='word_1_199' title='bbox 1168 1773 1283 1805; x_wconf 84' lang='lat' dir='ltr'><strong>tecto</strong></span> 
     </span>
     <span class='ocr_line' id='line_1_31' title="bbox 170 1819 1179 1877; baseline -0.003 -15"><span class='ocrx_word' id='word_1_200' title='bbox 170 1824 311 1877; x_wconf 82' lang='lat' dir='ltr'><strong>Reges</strong></span> <span class='ocrx_word' id='word_1_201' title='bbox 342 1830 385 1861; x_wconf 86' lang='lat' dir='ltr'><strong>et</strong></span> <span class='ocrx_word' id='word_1_202' title='bbox 413 1836 563 1875; x_wconf 78' lang='lat' dir='ltr'><strong>regum</strong></span> <span class='ocrx_word' id='word_1_203' title='bbox 592 1822 676 1862; x_wconf 66' lang='lat' dir='ltr'><strong>vita</strong></span> <span class='ocrx_word' id='word_1_204' title='bbox 703 1834 984 1877; x_wconf 82' lang='lat' dir='ltr'><strong>praecurrere</strong></span> <span class='ocrx_word' id='word_1_205' title='bbox 1013 1819 1179 1859; x_wconf 79' lang='lat' dir='ltr'><strong>amicos.</strong></span> 
     </span>
    </p>
   </div>
   <div class='ocr_carea' id='block_1_3' title="bbox 168 1913 303 1921">
    <p class='ocr_par' dir='ltr' id='par_1_3' title="bbox 168 1913 303 1921">
     <span class='ocr_line' id='line_1_32' title="bbox 168 1913 303 1921; baseline 0 483"><span class='ocrx_word' id='word_1_206' title='bbox 168 1913 303 1921; x_wconf 95' lang='lat' dir='ltr'><strong> </strong></span> 
     </span>
    </p>
   </div>
   <div class='ocr_carea' id='block_1_4' title="bbox 307 1913 420 1922">
    <p class='ocr_par' dir='ltr' id='par_1_4' title="bbox 307 1913 420 1922">
     <span class='ocr_line' id='line_1_33' title="bbox 307 1913 420 1922; baseline 0 482"><span class='ocrx_word' id='word_1_207' title='bbox 307 1913 420 1922; x_wconf 95' lang='lat' dir='ltr'><strong> </strong></span> 
     </span>
    </p>
   </div>
   <div class='ocr_carea' id='block_1_5' title="bbox 167 1956 1514 2280">
    <p class='ocr_par' dir='ltr' id='par_1_5' title="bbox 167 1956 1514 2280">
     <span class='ocr_line' id='line_1_34' title="bbox 170 1956 1487 2008; baseline -0.007 -11"><span class='ocrx_word' id='word_1_208' title='bbox 170 1982 215 1988; x_wconf 55' lang='grc'><strong>»-</strong></span> <span class='ocrx_word' id='word_1_209' title='bbox 238 1975 273 1995; x_wconf 73' lang='lat'><strong>¹1¹.</strong></span> <span class='ocrx_word' id='word_1_210' title='bbox 296 1967 343 1996; x_wconf 80' lang='grc'><strong>18.</strong></span> <span class='ocrx_word' id='word_1_211' title='bbox 373 1961 527 2008; x_wconf 60' lang='lat' dir='ltr'><strong>depellat</strong></span> <span class='ocrx_word' id='word_1_212' title='bbox 551 1965 630 1996; x_wconf 74' lang='lat' dir='ltr'><strong>Fca.</strong></span> <span class='ocrx_word' id='word_1_213' title='bbox 658 1975 676 1996; x_wconf 85' lang='lat' dir='ltr'><strong>c</strong></span> <span class='ocrx_word' id='word_1_214' title='bbox 702 1965 819 1996; x_wconf 75' lang='lat' dir='ltr'><strong>multis</strong></span> <span class='ocrx_word' id='word_1_215' title='bbox 844 1964 915 1996; x_wconf 84' lang='lat' dir='ltr'><strong>suis</strong></span> <span class='ocrx_word' id='word_1_216' title='bbox 939 1969 974 1995; x_wconf 74' lang='lat' dir='ltr'><strong>ct</strong></span> <span class='ocrx_word' id='word_1_217' title='bbox 998 1963 1149 1995; x_wconf 81' lang='lat' dir='ltr'><strong>aliorum</strong></span> <span class='ocrx_word' id='word_1_218' title='bbox 1174 1957 1380 2003; x_wconf 64' lang='lat' dir='ltr'><strong>Codicibus.</strong></span> <span class='ocrx_word' id='word_1_219' title='bbox 1416 1956 1487 1989; x_wconf 83' lang='lat' dir='ltr'><strong>Sed</strong></span> 
     </span>
     <span class='ocr_line' id='line_1_35' title="bbox 169 2003 1486 2054; baseline -0.005 -14"><span class='ocrx_word' id='word_1_220' title='bbox 169 2008 223 2041; x_wconf 77' lang='lat' dir='ltr'><strong>Cf.</strong></span> <span class='ocrx_word' id='word_1_221' title='bbox 241 2009 407 2041; x_wconf 70' lang='lat' dir='ltr'><strong>Turrem.</strong></span> <span class='ocrx_word' id='word_1_222' title='bbox 433 2027 478 2033; x_wconf 90' lang='lat'><strong>—-</strong></span> <span class='ocrx_word' id='word_1_223' title='bbox 499 2021 535 2040; x_wconf 80' lang='lat' dir='ltr'><strong>v.</strong></span> <span class='ocrx_word' id='word_1_224' title='bbox 556 2021 605 2048; x_wconf 63' lang='grc' dir='ltr'><strong>ις).</strong></span> <span class='ocrx_word' id='word_1_225' title='bbox 634 2011 764 2054; x_wconf 65' lang='lat' dir='ltr'><strong>tapetis</strong></span> <span class='ocrx_word' id='word_1_226' title='bbox 790 2021 854 2053; x_wconf 78' lang='lat' dir='ltr'><strong>pro</strong></span> <span class='ocrx_word' id='word_1_227' title='bbox 880 2009 1017 2053; x_wconf 73' lang='lat' dir='ltr'><strong>lapillis</strong></span> <span class='ocrx_word' id='word_1_228' title='bbox 1042 2007 1196 2040; x_wconf 63' lang='lat' dir='ltr'><strong>coniecit</strong></span> <span class='ocrx_word' id='word_1_229' title='bbox 1213 2005 1323 2037; x_wconf 67' lang='lat' dir='ltr'><strong>nonu.</strong></span> <span class='ocrx_word' id='word_1_230' title='bbox 1337 2003 1390 2034; x_wconf 76' lang='lat' dir='ltr'><strong>Cf.</strong></span> <span class='ocrx_word' id='word_1_231' title='bbox 1404 2004 1486 2034; x_wconf 66' lang='lat' dir='ltr'><strong>Fca.</strong></span> 
     </span>
     <span class='ocr_line' id='line_1_36' title="bbox 169 2048 1487 2098; baseline -0.005 -12"><span class='ocrx_word' id='word_1_232' title='bbox 169 2072 212 2078; x_wconf 91' lang='lat'>—</span> <span class='ocrx_word' id='word_1_233' title='bbox 237 2053 530 2098; x_wconf 62' lang='lat' dir='ltr'><strong>1·.2&#39;g.e1·pellcs</strong></span> <span class='ocrx_word' id='word_1_234' title='bbox 557 2056 665 2086; x_wconf 61' lang='lat' dir='ltr'><strong>Benll.</strong></span> <span class='ocrx_word' id='word_1_235' title='bbox 693 2067 733 2087; x_wconf 69' lang='lat' dir='ltr'><strong>vx</strong></span> <span class='ocrx_word' id='word_1_236' title='bbox 759 2054 1005 2098; x_wconf 71' lang='lat' dir='ltr'><strong>antiquissimis</strong></span> <span class='ocrx_word' id='word_1_237' title='bbox 1030 2052 1119 2084; x_wconf 84' lang='lat' dir='ltr'><strong>Edd.</strong></span> <span class='ocrx_word' id='word_1_238' title='bbox 1144 2057 1177 2084; x_wconf 80' lang='lat' dir='ltr'><strong>et</strong></span> <span class='ocrx_word' id='word_1_239' title='bbox 1200 2053 1303 2091; x_wconf 80' lang='lat' dir='ltr'><strong>longe</strong></span> <span class='ocrx_word' id='word_1_240' title='bbox 1327 2048 1487 2090; x_wconf 81' lang='lat' dir='ltr'><strong>plurimis</strong></span> 
     </span>
     <span class='ocr_line' id='line_1_37' title="bbox 170 2095 1486 2142; baseline -0.005 -13"><span class='ocrx_word' id='word_1_241' title='bbox 170 2098 286 2131; x_wconf 82' lang='lat' dir='ltr'><strong>Codd.</strong></span> <span class='ocrx_word' id='word_1_242' title='bbox 326 2099 428 2140; x_wconf 56' lang='lat' dir='ltr'><strong>Wulg.</strong></span> <span class='ocrx_word' id='word_1_243' title='bbox 471 2100 626 2142; x_wconf 60' lang='lat' dir='ltr'><strong>eaywllas</strong></span> <span class='ocrx_word' id='word_1_244' title='bbox 665 2102 768 2132; x_wconf 64' lang='lat' dir='ltr'><strong>vtiain</strong></span> <span class='ocrx_word' id='word_1_245' title='bbox 804 2111 823 2132; x_wconf 87' lang='lat' dir='ltr'><strong>a</strong></span> <span class='ocrx_word' id='word_1_246' title='bbox 852 2101 922 2131; x_wconf 78' lang='lat' dir='ltr'><strong>Fca</strong></span> <span class='ocrx_word' id='word_1_247' title='bbox 961 2103 1144 2131; x_wconf 74' lang='lat' dir='ltr'><strong>servatum.</strong></span> <span class='ocrx_word' id='word_1_248' title='bbox 1181 2095 1234 2136; x_wconf 65' lang='lat' dir='ltr'><strong>Cf.</strong></span> <span class='ocrx_word' id='word_1_249' title='bbox 1284 2098 1486 2135; x_wconf 79' lang='lat' dir='ltr'><strong>utrumque.</strong></span> 
     </span>
     <span class='ocr_line' id='line_1_38' title="bbox 169 2137 1486 2187; baseline -0.007 -11"><span class='ocrx_word' id='word_1_250' title='bbox 169 2162 214 2169; x_wconf 90' lang='lat'><strong>--</strong></span> <span class='ocrx_word' id='word_1_251' title='bbox 250 2155 285 2176; x_wconf 82' lang='lat' dir='ltr'><strong>v.</strong></span> <span class='ocrx_word' id='word_1_252' title='bbox 311 2146 365 2176; x_wconf 76' lang='lat'><strong>25.</strong></span> <span class='ocrx_word' id='word_1_253' title='bbox 403 2146 562 2186; x_wconf 67' lang='lat' dir='ltr'><strong>vestigia</strong></span> <span class='ocrx_word' id='word_1_254' title='bbox 591 2143 684 2177; x_wconf 64' lang='lat' dir='ltr'><strong>Med.</strong></span> <span class='ocrx_word' id='word_1_255' title='bbox 714 2149 809 2187; x_wconf 73' lang='lat'>1477.</span> <span class='ocrx_word' id='word_1_256' title='bbox 835 2144 995 2187; x_wconf 73' lang='lat' dir='ltr'><strong>fitstlgia</strong></span> <span class='ocrx_word' id='word_1_257' title='bbox 1026 2141 1141 2174; x_wconf 88' lang='lat' dir='ltr'><strong>Codd.</strong></span> <span class='ocrx_word' id='word_1_258' title='bbox 1167 2140 1273 2182; x_wconf 85' lang='lat' dir='ltr'><strong>Cruq.</strong></span> <span class='ocrx_word' id='word_1_259' title='bbox 1298 2138 1376 2169; x_wconf 78' lang='lat' dir='ltr'><strong>Bos.</strong></span> <span class='ocrx_word' id='word_1_260' title='bbox 1408 2137 1486 2169; x_wconf 73' lang='lat' dir='ltr'><strong>Sax.</strong></span> 
     </span>
     <span class='ocr_line' id='line_1_39' title="bbox 167 2182 1514 2232; baseline -0.007 -10"><span class='ocrx_word' id='word_1_261' title='bbox 167 2190 281 2230; x_wconf 85' lang='lat' dir='ltr'><strong>Fcae,</strong></span> <span class='ocrx_word' id='word_1_262' title='bbox 307 2188 411 2232; x_wconf 74' lang='lat' dir='ltr'><strong>idque</strong></span> <span class='ocrx_word' id='word_1_263' title='bbox 428 2191 634 2221; x_wconf 75' lang='lat' dir='ltr'><strong>Torrentius</strong></span> <span class='ocrx_word' id='word_1_264' title='bbox 656 2196 784 2222; x_wconf 71' lang='lat' dir='ltr'><strong>luetur.</strong></span> <span class='ocrx_word' id='word_1_265' title='bbox 807 2182 852 2214; x_wconf 55' lang='lat' dir='ltr'><strong>ss-</strong></span> <span class='ocrx_word' id='word_1_266' title='bbox 873 2201 909 2221; x_wconf 84' lang='lat' dir='ltr'><strong>v.</strong></span> <span class='ocrx_word' id='word_1_267' title='bbox 925 2199 979 2231; x_wconf 77' lang='lat'><strong>27.</strong></span> <span class='ocrx_word' id='word_1_268' title='bbox 1003 2186 1152 2220; x_wconf 83' lang='lat' dir='ltr'><strong>Codices</strong></span> <span class='ocrx_word' id='word_1_269' title='bbox 1169 2186 1299 2216; x_wconf 82' lang='lat' dir='ltr'><strong>variant</strong></span> <span class='ocrx_word' id='word_1_270' title='bbox 1313 2194 1320 2216; x_wconf 91' lang='lat'>:</span> <span class='ocrx_word' id='word_1_271' title='bbox 1334 2182 1486 2226; x_wconf 78' lang='lat' dir='ltr'><strong>sucum,</strong></span> <span class='ocrx_word' id='word_1_272' title='bbox 1511 2223 1514 2226; x_wconf 34' lang='grc' dir='ltr'>Ι</span> 
     </span>
     <span class='ocr_line' id='line_1_40' title="bbox 171 2228 1430 2280; baseline -0.007 -12"><span class='ocrx_word' id='word_1_273' title='bbox 171 2245 337 2276; x_wconf 80' lang='lat' dir='ltr'><strong>succum,</strong></span> <span class='ocrx_word' id='word_1_274' title='bbox 362 2245 495 2268; x_wconf 81' lang='lat' dir='ltr'><strong>sucum.</strong></span> <span class='ocrx_word' id='word_1_275' title='bbox 522 2235 603 2267; x_wconf 77' lang='lat' dir='ltr'><strong>vid.</strong></span> <span class='ocrx_word' id='word_1_276' title='bbox 627 2236 709 2268; x_wconf 78' lang='lat' dir='ltr'><strong>Fca.</strong></span> <span class='ocrx_word' id='word_1_277' title='bbox 733 2254 779 2260; x_wconf 90' lang='lat'>—</span> <span class='ocrx_word' id='word_1_278' title='bbox 800 2248 835 2268; x_wconf 86' lang='lat' dir='ltr'><strong>v.</strong></span> <span class='ocrx_word' id='word_1_279' title='bbox 851 2237 906 2269; x_wconf 83' lang='lat'><strong>30.</strong></span> <span class='ocrx_word' id='word_1_280' title='bbox 929 2234 1014 2280; x_wconf 81' lang='lat' dir='ltr'><strong>plus</strong></span> <span class='ocrx_word' id='word_1_281' title='bbox 1033 2243 1149 2278; x_wconf 81' lang='lat' dir='ltr'><strong>aequo</strong></span> <span class='ocrx_word' id='word_1_282' title='bbox 1175 2228 1326 2263; x_wconf 79' lang='lat' dir='ltr'><strong>Collatio</strong></span> <span class='ocrx_word' id='word_1_283' title='bbox 1351 2228 1430 2260; x_wconf 77' lang='lat' dir='ltr'><strong>Sax.</strong></span> 
     </span>
    </p>
   </div>
  </div>
 </body>
</html>
