1526 2404
154 165 228 209 166
587 178 629 219 q.
656 177 841 206 nonam
867 175 1025 207 uacci

147 271 392 313 Parturiunt
419 274 605 323 montes,
633 280 830 313 nascetur
855 272 1056 313 ridiculus
1082 262 1187 314 iiius.

194 334 318 365 uanto
343 326 501 366 rectius
529 325 621 377 hic,
649 327 721 382 qui
746 327 803 366 nil
830 327 1002 367 molitur
1032 326 1195 380 inepte:
1392 332 1468 376 ¹4⁰

145 381 165 420 Ι
189 380 227 435 ip
255 379 377 431 mihi,
406 381 547 429 Musa,
578 380 734 432 virum,
774 388 920 434 captae
946 387 1046 434 post
1069 387 1263 433 tempora
1290 379 1467 432 Troiae,

144 433 235 527 gui
262 447 403 472 mores
431 433 647 474 hominum
678 434 907 473 multorum
933 433 1039 474 vidit
1066 440 1111 474 et
1134 433 1276 474 urbes.

185 501 238 527 on
265 487 428 526 fumum
457 501 508 527 ex
535 487 729 540 fulgore,
757 487 833 527 sed
863 501 915 527 ex
941 487 1061 527 fumo
1090 486 1193 527 dare
1219 486 1359 528 lucem

147 541 339 595 Cogitat,
368 548 416 580 ut
443 540 635 594 speciosa
664 541 814 580 dehinc
843 541 1044 580 miracula
1071 548 1259 594 promat,

143 594 422 648 Antiphaten,
444 594 622 647 Scyllam
653 608 730 645 ue,
753 602 795 634 et
815 607 911 634 cum
927 594 1054 647 Cyclo
1089 608 1112 633 e
1129 593 1378 647 Charybdin.
1393 595 1467 644 145

142 650 232 688 Nec
259 648 443 688 reditum
471 647 642 688 Diome(
656 649 690 687 is
718 648 767 687 ab
797 648 968 688 interitu
993 608 1221 702 Meleagri,

142 703 231 742 Nec
261 702 428 755 gemino
456 701 616 754 bellum
646 702 874 742 Troianum
903 701 1067 742 orditur
1093 701 1145 740 ab
1173 703 1272 741 ovo.
1313 720 1319 733 ·

143 755 323 808 Semper
352 756 404 795 ad
433 763 632 796 eventum
661 754 854 805 festinat,
884 763 927 796 et
953 754 995 794 in
1020 754 1177 795 medias
1204 767 1298 806 res,

141 810 235 849 Non
267 821 387 848 secus
418 822 464 849 ac
493 816 637 859 notas,
666 808 902 848 auditorem
929 809 1062 863 rapit,
1093 815 1136 847 et
1163 821 1272 862 quae

141 864 356 916 Desperat
382 870 558 903 tractata
585 862 794 903 nitescere
818 875 973 924 posse,
999 860 1221 916 relinquit3
1393 863 1467 905 150

140 917 283 971 Atque
311 915 370 956 ita
395 916 596 956 mentitur
611 945 622 967 ,
650 916 710 955 sic
738 929 849 955 veris
877 914 984 955 falsa
1009 914 1230 965 remiscet‚

139 971 284 1010 Primo
314 983 368 1009 ne
395 969 605 1020 medium,
632 968 772 1010 medio
803 982 854 1009 ne
881 968 1095 1023 discrepet
1120 967 1262 1008 imum.

141 1025 228 1074 Tu,
260 1023 362 1078 quid
395 1037 475 1077 ego
504 1030 548 1063 et
575 1036 633 1077 po
665 1023 758 1062 ulus
786 1035 952 1063 mecum
978 1021 1193 1063 desideret
1209 1051 1222 1072 ,
1250 1022 1361 1067 audi.

141 1076 187 1116 Si
214 1077 422 1130 plausoris
451 1089 554 1131 eges
584 1089 636 1116 au
654 1090 728 1116 aea
754 1076 979 1127 manentis,
1007 1084 1052 1117 et
1077 1088 1213 1131 usque

141 1130 330 1181 Sessuri,
359 1129 495 1171 donec
522 1138 690 1180 cantor,
721 1130 811 1172 Vos
838 1129 1049 1183 plaudite,
1077 1128 1207 1170 dicat:
1387 1129 1462 1172 155

140 1183 301 1223 Aetatis
331 1183 535 1237 cuiusque
562 1182 734 1222 notandi
761 1190 857 1222 sunt
885 1183 964 1222 tibi
991 1195 1156 1234 mores,

139 1235 450 1291 Mobilibusque
479 1235 612 1274 decor
637 1235 795 1274 naturis
825 1234 984 1275 dandus
1014 1244 1057 1275 et
1082 1235 1209 1275 annis.

139 1289 339 1330 Reddere
368 1289 440 1344 qui
466 1300 595 1329 voces
621 1287 703 1327 iam
734 1288 812 1328 scit
836 1301 969 1342 puer,
999 1296 1043 1328 et
1065 1287 1180 1342 pede
1210 1295 1330 1328 certo

139 1343 286 1397 Signat
312 1343 507 1393 humum,
538 1342 666 1396 gestit
691 1340 862 1395 paribus
887 1341 1128 1393 colludere,
1157 1348 1200 1381 et
1227 1342 1332 1380 iram

141 1396 313 1450 Colligit
340 1409 387 1436 ac
414 1395 534 1450 ponit
563 1402 750 1446 temere,
779 1402 823 1434 et
849 1402 1035 1435 mutatur
1062 1395 1105 1435 in
1130 1393 1268 1435 horas.
1387 1392 1460 1435 160

139 1449 341 1490 Imberbis
367 1449 553 1499 iuvenis,
580 1448 749 1487 tandem
776 1447 952 1488 custode
980 1457 1170 1499 remoto,

141 1502 309 1543 Gaudet
337 1503 454 1559 equis
488 1500 743 1564 canssmsque
771 1509 814 1541 et
842 1501 972 1556 aprici
1000 1502 1187 1557 gramine
1217 1502 1375 1556 campi3

141 1557 301 1596 Cereus
328 1557 370 1596 in
396 1556 545 1595 vitium
572 1554 709 1606 flecti,
737 1555 1014 1596 monitoribus
1042 1569 1190 1610 asper,

139 1610 313 1650 Utilium
337 1610 482 1650 tardus
510 1609 730 1662 provisor,
757 1608 962 1663 prodigus
991 1610 1121 1661 aeris,

139 1663 359 1714 Sublimis,
388 1663 673 1717 cupidusque,
701 1670 744 1702 et
773 1670 903 1702 amata
930 1663 1170 1725 relinquere
1187 1662 1348 1717 pernix.
1381 1661 1456 1704 165

140 1718 365 1758 Conversis
396 1717 541 1757 studiis
570 1723 682 1755 aetas
716 1716 960 1770 animusque
988 1717 1118 1757 virilis

184 1771 317 1812 uaerit
345 1784 448 1825 opes
478 1780 520 1811 et
548 1769 770 1821 amicitias,
796 1770 969 1810 inservit
996 1770 1169 1821 honori,
1293 1814 1299 1819 ,

139 1825 405 1866 commisisse
435 1832 575 1874 cavet,
605 1823 720 1878 quod
747 1838 844 1862 mox
872 1832 1033 1864 mutare
1061 1824 1237 1864 laboret.

137 1878 268 1918 Multa
296 1891 438 1918 senem
466 1877 796 1917 circumveniunt
826 1877 1111 1928 incommoda,
1139 1877 1209 1918 vel
1239 1876 1354 1932 quod

139 1932 339 1991 Quaerit,
368 1939 411 1972 et
438 1931 614 1971 inventis
645 1931 772 1971 miser
800 1929 1003 1984 abstinet,
1031 1944 1078 1971 ac
1106 1931 1225 1971 timet
1251 1931 1335 1982 uti,
1383 1943 1455 1982 ¹7⁰

139 2030 257 2063 Codd.
280 2030 386 2064 Feae.
411 2050 455 2058 —-
477 2042 516 2065 v.
546 2033 619 2075 ¹39·
641 2032 856 2078 parturiunt
879 2030 992 2064 Bentl.
1018 2039 1039 2061 e
1064 2026 1182 2063 codd.
1199 2027 1302 2071 Vulg.
1321 2035 1452 2073 partu-

138 2077 243 2109 rient.
264 2096 308 2102 —
334 2088 363 2109 ν.
393 2085 466 2118 141.
490 2079 630 2110 moenia
654 2078 784 2111 Troiae
810 2077 924 2110 Bentl.
953 2087 973 2109 e
1008 2074 1124 2108 Codd.
1159 2073 1214 2106 Cs.
1242 2074 1324 2106 Fea.
1347 2090 1393 2098 --
1413 2084 1452 2106 v.

142 2120 216 2164 154.
231 2119 398 2165 fautoris
422 2134 500 2167 eges
523 2124 637 2156 Bentl.
664 2124 880 2157 coniectura.
903 2141 948 2148 -
968 2132 1004 2154 v.
1034 2129 1106 2164 157.
1134 2119 1283 2152 matur-1⁶4·
1308 2116 1452 2151 dandus
1495 2135 1500 2142 =

138 2166 251 2200 Bentl.
277 2167 506 2210 coniectura,
532 2169 688 2210 itemque
711 2179 800 2201 unus
823 2166 916 2201 cod.
939 2167 1054 2201 Fene.
1077 2165 1136 2209 qui
1160 2175 1238 2197 eam
1257 2164 1450 2197 lectionem

138 2212 173 2244 in
197 2218 331 2245 textum
356 2215 502 2259 recepit.
527 2214 599 2247 Sed
617 2212 673 2247 Cf.
698 2212 795 2248 Iahn.
819 2233 864 2241 —
885 2224 924 2246 v.
949 2213 1026 2249 161.
1048 2209 1220 2245 imberbus
1240 2208 1450 2254 Cod.Cruq.

138 2257 290 2302 indeque
314 2259 429 2292 Bentl.
450 2260 522 2293 alii.
551 2257 608 2293 Cf.
630 2260 712 2293 Fea.
