<?xml version="1.0" encoding="UTF-8"?>
<!DOCTYPE html PUBLIC "-//W3C//DTD XHTML 1.0 Transitional//EN"
    "http://www.w3.org/TR/xhtml1/DTD/xhtml1-transitional.dtd">
<html xmlns="http://www.w3.org/1999/xhtml" xml:lang="en" lang="en">
 <head>
  <title>
</title>
<meta http-equiv="Content-Type" content="text/html;charset=utf-8" />
  <meta name='ocr-system' content='tesseract 3.04.00' />
  <meta name='ocr-capabilities' content='ocr_page ocr_carea ocr_par ocr_line ocrx_word'/>
</head>
<body>
  <div class='ocr_page' id='page_1' title='image "./operaomnia01horauoft_0300.png"; bbox 0 0 1526 2404; ppageno 0'>
   <div class='ocr_carea' id='block_1_1' title="bbox 187 204 1069 250">
    <p class='ocr_par' dir='ltr' id='par_1_1' title="bbox 187 204 1069 250">
     <span class='ocr_line' id='line_1_1' title="bbox 187 204 1069 250; baseline -0.006 -10"><span class='ocrx_word' id='word_1_1' title='bbox 187 204 262 249; x_wconf 69' lang='lat'><strong>124</strong></span> <span class='ocrx_word' id='word_1_2' title='bbox 631 208 673 250; x_wconf 69' lang='grc' dir='ltr'><strong>ρ.</strong></span> <span class='ocrx_word' id='word_1_3' title='bbox 700 206 886 237; x_wconf 69' lang='lat' dir='ltr'><strong>nonu-11</strong></span> <span class='ocrx_word' id='word_1_4' title='bbox 910 207 1069 236; x_wconf 60' lang='lat' dir='ltr'><strong>uacci</strong></span> 
     </span>
    </p>
   </div>
   <div class='ocr_carea' id='block_1_2' title="bbox 543 301 1151 438">
    <p class='ocr_par' dir='ltr' id='par_1_2' title="bbox 543 301 1151 438">
     <span class='ocr_line' id='line_1_2' title="bbox 676 301 1024 343; baseline 0 -1"><span class='ocrx_word' id='word_1_5' title='bbox 676 314 890 343; x_wconf 71' lang='lat' dir='ltr'><strong>nrisronA</strong></span> <span class='ocrx_word' id='word_1_6' title='bbox 915 301 1024 342; x_wconf 83' lang='lat' dir='ltr'>XIII.</span> 
     </span>
     <span class='ocr_line' id='line_1_3' title="bbox 543 389 1151 438; baseline -0.007 -4"><span class='ocrx_word' id='word_1_7' title='bbox 543 394 625 434; x_wconf 83' lang='lat' dir='ltr'><strong>AD</strong></span> <span class='ocrx_word' id='word_1_8' title='bbox 651 392 848 438; x_wconf 81' lang='lat' dir='ltr'>VINIUM</span> <span class='ocrx_word' id='word_1_9' title='bbox 874 389 1151 431; x_wconf 77' lang='lat' dir='ltr'>ASELLAM.</span> 
     </span>
    </p>
   </div>
   <div class='ocr_carea' id='block_1_3' title="bbox 182 479 1505 663">
    <p class='ocr_par' dir='ltr' id='par_1_3' title="bbox 182 479 1505 663">
     <span class='ocr_line' id='line_1_4' title="bbox 246 479 1505 526; baseline -0.003 -10"><span class='ocrx_word' id='word_1_10' title='bbox 246 483 353 517; x_wconf 89' lang='lat' dir='ltr'><strong>Vinio</strong></span> <span class='ocrx_word' id='word_1_11' title='bbox 383 482 521 518; x_wconf 84' lang='lat' dir='ltr'><strong>Asellae</strong></span> <span class='ocrx_word' id='word_1_12' title='bbox 547 484 757 525; x_wconf 83' lang='lat' dir='ltr'><strong>tabellario,</strong></span> <span class='ocrx_word' id='word_1_13' title='bbox 783 489 838 526; x_wconf 85' lang='lat' dir='ltr'><strong>et,</strong></span> <span class='ocrx_word' id='word_1_14' title='bbox 873 488 912 515; x_wconf 89' lang='lat' dir='ltr'><strong>ut</strong></span> <span class='ocrx_word' id='word_1_15' title='bbox 945 480 1146 521; x_wconf 84' lang='lat' dir='ltr'><strong>Wielandio</strong></span> <span class='ocrx_word' id='word_1_16' title='bbox 1178 479 1334 523; x_wconf 81' lang='lat' dir='ltr'><strong>videtur,</strong></span> <span class='ocrx_word' id='word_1_17' title='bbox 1371 480 1505 513; x_wconf 87' lang='lat' dir='ltr'><strong>rustico</strong></span> 
     </span>
     <span class='ocr_line' id='line_1_5' title="bbox 183 524 1505 570; baseline -0.003 -10"><span class='ocrx_word' id='word_1_18' title='bbox 183 529 339 570; x_wconf 85' lang='lat' dir='ltr'><strong>Sabino,</strong></span> <span class='ocrx_word' id='word_1_19' title='bbox 369 530 425 562; x_wconf 91' lang='lat' dir='ltr'><strong>cui</strong></span> <span class='ocrx_word' id='word_1_20' title='bbox 450 531 643 563; x_wconf 82' lang='lat' dir='ltr'><strong>carminum</strong></span> <span class='ocrx_word' id='word_1_21' title='bbox 667 529 845 562; x_wconf 83' lang='lat' dir='ltr'><strong>volumina</strong></span> <span class='ocrx_word' id='word_1_22' title='bbox 870 527 916 560; x_wconf 88' lang='lat' dir='ltr'><strong>ad</strong></span> <span class='ocrx_word' id='word_1_23' title='bbox 938 527 1135 570; x_wconf 74' lang='lat' dir='ltr'><strong>Augustum</strong></span> <span class='ocrx_word' id='word_1_24' title='bbox 1159 524 1371 570; x_wconf 69' lang='lat' dir='ltr'><strong>perferenda</strong></span> <span class='ocrx_word' id='word_1_25' title='bbox 1396 524 1505 556; x_wconf 80' lang='lat' dir='ltr'><strong>tradi·</strong></span> 
     </span>
     <span class='ocr_line' id='line_1_6' title="bbox 184 570 1505 619; baseline -0.002 -14"><span class='ocrx_word' id='word_1_26' title='bbox 184 574 305 616; x_wconf 85' lang='lat' dir='ltr'><strong>derat,</strong></span> <span class='ocrx_word' id='word_1_27' title='bbox 332 575 451 608; x_wconf 87' lang='lat' dir='ltr'><strong>iocose</strong></span> <span class='ocrx_word' id='word_1_28' title='bbox 475 576 648 619; x_wconf 82' lang='lat' dir='ltr'><strong>praecipit</strong></span> <span class='ocrx_word' id='word_1_29' title='bbox 664 599 674 617; x_wconf 83' lang='lat'>‚</span> <span class='ocrx_word' id='word_1_30' title='bbox 696 573 878 618; x_wconf 89' lang='lat' dir='ltr'><strong>quomodo</strong></span> <span class='ocrx_word' id='word_1_31' title='bbox 903 573 985 606; x_wconf 85' lang='lat' dir='ltr'><strong>satis</strong></span> <span class='ocrx_word' id='word_1_32' title='bbox 1004 572 1100 605; x_wconf 87' lang='lat' dir='ltr'><strong>helle</strong></span> <span class='ocrx_word' id='word_1_33' title='bbox 1121 576 1156 605; x_wconf 89' lang='lat' dir='ltr'><strong>et</strong></span> <span class='ocrx_word' id='word_1_34' title='bbox 1178 570 1312 604; x_wconf 82' lang='lat' dir='ltr'><strong>urbane</strong></span> <span class='ocrx_word' id='word_1_35' title='bbox 1337 570 1407 604; x_wconf 89' lang='lat' dir='ltr'><strong>hoc</strong></span> <span class='ocrx_word' id='word_1_36' title='bbox 1428 581 1505 602; x_wconf 88' lang='lat' dir='ltr'><strong>inu-</strong></span> 
     </span>
     <span class='ocr_line' id='line_1_7' title="bbox 182 619 749 663; baseline -0.002 -11"><span class='ocrx_word' id='word_1_37' title='bbox 182 630 267 652; x_wconf 85' lang='lat' dir='ltr'><strong>nere</strong></span> <span class='ocrx_word' id='word_1_38' title='bbox 290 619 358 652; x_wconf 85' lang='lat' dir='ltr'><strong>sibi</strong></span> <span class='ocrx_word' id='word_1_39' title='bbox 383 621 548 653; x_wconf 86' lang='lat' dir='ltr'><strong>mandato</strong></span> <span class='ocrx_word' id='word_1_40' title='bbox 574 621 749 663; x_wconf 84' lang='lat' dir='ltr'><strong>fungatur.</strong></span> 
     </span>
    </p>
   </div>
   <div class='ocr_carea' id='block_1_4' title="bbox 180 697 1507 1713">
    <p class='ocr_par' dir='ltr' id='par_1_4' title="bbox 182 697 1188 760">
     <span class='ocr_line' id='line_1_8' title="bbox 182 697 1188 760; baseline 0 -22"><span class='ocrx_word' id='word_1_41' title='bbox 182 700 240 739; x_wconf 89' lang='lat' dir='ltr'><strong>Ut</strong></span> <span class='ocrx_word' id='word_1_42' title='bbox 266 698 605 752; x_wconf 87' lang='lat' dir='ltr'><strong>proficiscentem</strong></span> <span class='ocrx_word' id='word_1_43' title='bbox 632 699 758 740; x_wconf 84' lang='lat' dir='ltr'><strong>docui</strong></span> <span class='ocrx_word' id='word_1_44' title='bbox 783 707 827 739; x_wconf 89' lang='lat' dir='ltr'><strong>te</strong></span> <span class='ocrx_word' id='word_1_45' title='bbox 854 711 980 760; x_wconf 76' lang='lat' dir='ltr'><strong>saepe</strong></span> <span class='ocrx_word' id='word_1_46' title='bbox 1007 697 1188 752; x_wconf 80' lang='lat' dir='ltr'><strong>diuque,</strong></span> 
     </span>
    </p>

    <p class='ocr_par' dir='ltr' id='par_1_5' title="bbox 181 750 1152 808">
     <span class='ocr_line' id='line_1_9' title="bbox 181 750 1152 808; baseline -0.003 -16"><span class='ocrx_word' id='word_1_47' title='bbox 181 753 375 806; x_wconf 83' lang='lat' dir='ltr'><strong>Augusto</strong></span> <span class='ocrx_word' id='word_1_48' title='bbox 404 754 560 794; x_wconf 85' lang='lat' dir='ltr'><strong>reddes</strong></span> <span class='ocrx_word' id='word_1_49' title='bbox 588 754 747 808; x_wconf 83' lang='lat' dir='ltr'><strong>signata</strong></span> <span class='ocrx_word' id='word_1_50' title='bbox 771 753 1006 802; x_wconf 87' lang='lat' dir='ltr'><strong>volumina,</strong></span> <span class='ocrx_word' id='word_1_51' title='bbox 1032 750 1152 802; x_wconf 88' lang='lat' dir='ltr'><strong>Vini,</strong></span> 
     </span>
    </p>

    <p class='ocr_par' dir='ltr' id='par_1_6' title="bbox 184 805 1266 896">
     <span class='ocr_line' id='line_1_10' title="bbox 184 805 1266 896; baseline -0.001 -52"><span class='ocrx_word' id='word_1_52' title='bbox 184 805 230 844; x_wconf 93' lang='lat' dir='ltr'><strong>Si</strong></span> <span class='ocrx_word' id='word_1_53' title='bbox 258 806 439 858; x_wconf 87' lang='lat' dir='ltr'><strong>validus,</strong></span> <span class='ocrx_word' id='word_1_54' title='bbox 468 808 503 847; x_wconf 92' lang='lat' dir='ltr'><strong>si</strong></span> <span class='ocrx_word' id='word_1_55' title='bbox 531 808 664 848; x_wconf 82' lang='lat' dir='ltr'><strong>laetus</strong></span> <span class='ocrx_word' id='word_1_56' title='bbox 693 807 796 858; x_wconf 88' lang='lat' dir='ltr'><strong>erit,</strong></span> <span class='ocrx_word' id='word_1_57' title='bbox 823 806 859 845; x_wconf 90' lang='lat' dir='ltr'><strong>si</strong></span> <span class='ocrx_word' id='word_1_58' title='bbox 886 806 1066 860; x_wconf 78' lang='lat' dir='ltr'><strong>denique</strong></span> <span class='ocrx_word' id='word_1_59' title='bbox 1080 812 1243 896; x_wconf 61' lang='grc' dir='ltr'><strong>1Εοεοεπ</strong></span> <span class='ocrx_word' id='word_1_60' title='bbox 1251 818 1266 857; x_wconf 82' lang='lat'>3</span> 
     </span>
    </p>

    <p class='ocr_par' dir='ltr' id='par_1_7' title="bbox 181 857 1216 915">
     <span class='ocr_line' id='line_1_11' title="bbox 181 857 1216 915; baseline -0.002 -17"><span class='ocrx_word' id='word_1_61' title='bbox 181 860 247 898; x_wconf 89' lang='lat' dir='ltr'><strong>Ne</strong></span> <span class='ocrx_word' id='word_1_62' title='bbox 276 860 415 898; x_wconf 88' lang='lat' dir='ltr'><strong>studio</strong></span> <span class='ocrx_word' id='word_1_63' title='bbox 444 862 579 901; x_wconf 89' lang='lat' dir='ltr'>nostri</span> <span class='ocrx_word' id='word_1_64' title='bbox 603 873 782 915; x_wconf 49' lang='lat' dir='ltr'><strong>peccem,</strong></span> <span class='ocrx_word' id='word_1_65' title='bbox 810 859 1037 914; x_wconf 87' lang='lat' dir='ltr'><strong>odiumque</strong></span> <span class='ocrx_word' id='word_1_66' title='bbox 1063 857 1091 896; x_wconf 83' lang='lat' dir='ltr'><strong>l&#39;</strong></span> <span class='ocrx_word' id='word_1_67' title='bbox 1124 857 1216 897; x_wconf 84' lang='lat' dir='ltr'><strong>ellis</strong></span> 
     </span>
    </p>

    <p class='ocr_par' dir='ltr' id='par_1_8' title="bbox 181 909 1507 1076">
     <span class='ocr_line' id='line_1_12' title="bbox 183 909 1507 968; baseline -0.002 -17"><span class='ocrx_word' id='word_1_68' title='bbox 183 912 365 952; x_wconf 85' lang='lat' dir='ltr'><strong>Sedulus</strong></span> <span class='ocrx_word' id='word_1_69' title='bbox 391 914 616 968; x_wconf 80' lang='lat' dir='ltr'><strong>importes,</strong></span> <span class='ocrx_word' id='word_1_70' title='bbox 644 927 776 967; x_wconf 88' lang='lat' dir='ltr'><strong>opera</strong></span> <span class='ocrx_word' id='word_1_71' title='bbox 804 912 1056 953; x_wconf 86' lang='lat' dir='ltr'><strong>vehemente</strong></span> <span class='ocrx_word' id='word_1_72' title='bbox 1083 910 1285 950; x_wconf 83' lang='lat' dir='ltr'><strong>minister.</strong></span> <span class='ocrx_word' id='word_1_73' title='bbox 1479 909 1507 950; x_wconf 86' lang='lat'><em>5</em></span> 
     </span>
     <span class='ocr_line' id='line_1_13' title="bbox 182 964 1294 1022; baseline 0 -18"><span class='ocrx_word' id='word_1_74' title='bbox 182 965 300 1017; x_wconf 19' lang='lat' dir='ltr'><strong>Sihte</strong></span> <span class='ocrx_word' id='word_1_75' title='bbox 327 965 443 1008; x_wconf 87' lang='lat' dir='ltr'><strong>forte</strong></span> <span class='ocrx_word' id='word_1_76' title='bbox 471 982 592 1008; x_wconf 90' lang='lat' dir='ltr'><strong>meae</strong></span> <span class='ocrx_word' id='word_1_77' title='bbox 620 968 760 1022; x_wconf 81' lang='lat' dir='ltr'><strong>gravis</strong></span> <span class='ocrx_word' id='word_1_78' title='bbox 790 974 887 1006; x_wconf 89' lang='lat' dir='ltr'><strong>uret</strong></span> <span class='ocrx_word' id='word_1_79' title='bbox 914 965 1074 1004; x_wconf 85' lang='lat' dir='ltr'><strong>sarcina</strong></span> <span class='ocrx_word' id='word_1_80' title='bbox 1101 964 1294 1016; x_wconf 83' lang='lat' dir='ltr'><strong>chartae,</strong></span> 
     </span>
     <span class='ocr_line' id='line_1_14' title="bbox 181 1017 1229 1076; baseline -0.001 -18"><span class='ocrx_word' id='word_1_81' title='bbox 181 1019 364 1059; x_wconf 87' lang='lat' dir='ltr'><strong>Abiieito</strong></span> <span class='ocrx_word' id='word_1_82' title='bbox 392 1021 556 1073; x_wconf 83' lang='lat' dir='ltr'><strong>potius,</strong></span> <span class='ocrx_word' id='word_1_83' title='bbox 585 1035 709 1076; x_wconf 85' lang='lat' dir='ltr'><strong>quam</strong></span> <span class='ocrx_word' id='word_1_84' title='bbox 737 1034 821 1076; x_wconf 84' lang='lat' dir='ltr'><strong>quo</strong></span> <span class='ocrx_word' id='word_1_85' title='bbox 847 1018 1045 1073; x_wconf 86' lang='lat' dir='ltr'><strong>perferre</strong></span> <span class='ocrx_word' id='word_1_86' title='bbox 1072 1017 1229 1058; x_wconf 87' lang='lat' dir='ltr'><strong>iuberis</strong></span> 
     </span>
    </p>

    <p class='ocr_par' dir='ltr' id='par_1_9' title="bbox 184 1072 1282 1178">
     <span class='ocr_line' id='line_1_15' title="bbox 184 1072 1282 1128; baseline -0.001 -17"><span class='ocrx_word' id='word_1_87' title='bbox 184 1072 370 1113; x_wconf 86' lang='lat' dir='ltr'><strong>Clitellas</strong></span> <span class='ocrx_word' id='word_1_88' title='bbox 396 1074 514 1124; x_wconf 83' lang='lat' dir='ltr'><strong>ferus</strong></span> <span class='ocrx_word' id='word_1_89' title='bbox 542 1074 767 1128; x_wconf 85' lang='lat' dir='ltr'><strong>impingas,</strong></span> <span class='ocrx_word' id='word_1_90' title='bbox 794 1074 946 1112; x_wconf 82' lang='lat' dir='ltr'><strong>Asinae</strong></span> <span class='ocrx_word' id='word_1_91' title='bbox 977 1086 1032 1112; x_wconf 86' lang='lat' dir='ltr'><strong>ue</strong></span> <span class='ocrx_word' id='word_1_92' title='bbox 1059 1079 1282 1125; x_wconf 87' lang='lat' dir='ltr'><strong>paternum</strong></span> 
     </span>
     <span class='ocr_line' id='line_1_16' title="bbox 185 1123 1206 1178; baseline 0.002 -15"><span class='ocrx_word' id='word_1_93' title='bbox 185 1125 433 1178; x_wconf 84' lang='lat' dir='ltr'><strong>Cognomen</strong></span> <span class='ocrx_word' id='word_1_94' title='bbox 459 1136 600 1167; x_wconf 89' lang='lat' dir='ltr'><strong>vertas</strong></span> <span class='ocrx_word' id='word_1_95' title='bbox 627 1128 669 1166; x_wconf 89' lang='lat' dir='ltr'><strong>in</strong></span> <span class='ocrx_word' id='word_1_96' title='bbox 695 1127 846 1174; x_wconf 83' lang='lat' dir='ltr'><strong>risum,</strong></span> <span class='ocrx_word' id='word_1_97' title='bbox 877 1134 920 1166; x_wconf 88' lang='lat' dir='ltr'><strong>et</strong></span> <span class='ocrx_word' id='word_1_98' title='bbox 969 1125 1090 1164; x_wconf 85' lang='lat' dir='ltr'><strong>abula</strong></span> <span class='ocrx_word' id='word_1_99' title='bbox 1116 1123 1206 1167; x_wconf 77' lang='lat' dir='ltr'><strong>fias-</strong></span> 
     </span>
    </p>

    <p class='ocr_par' dir='ltr' id='par_1_10' title="bbox 181 1177 1501 1292">
     <span class='ocr_line' id='line_1_17' title="bbox 181 1177 1501 1233; baseline -0.002 -16"><span class='ocrx_word' id='word_1_100' title='bbox 181 1177 352 1218; x_wconf 82' lang='lat' dir='ltr'><strong>Viribus</strong></span> <span class='ocrx_word' id='word_1_101' title='bbox 378 1181 510 1219; x_wconf 84' lang='lat' dir='ltr'><strong>uteris</strong></span> <span class='ocrx_word' id='word_1_102' title='bbox 537 1195 616 1233; x_wconf 90' lang='lat' dir='ltr'><strong>per</strong></span> <span class='ocrx_word' id='word_1_103' title='bbox 644 1181 798 1229; x_wconf 86' lang='lat' dir='ltr'><strong>clivos,</strong></span> <span class='ocrx_word' id='word_1_104' title='bbox 826 1178 1016 1227; x_wconf 77' lang='lat' dir='ltr'><strong>flumina,</strong></span> <span class='ocrx_word' id='word_1_105' title='bbox 1045 1179 1184 1217; x_wconf 88' lang='lat' dir='ltr'><strong>lamas.</strong></span> <span class='ocrx_word' id='word_1_106' title='bbox 1454 1188 1501 1215; x_wconf 87' lang='grc' dir='ltr'><strong>ιο</strong></span> 
     </span>
     <span class='ocr_line' id='line_1_18' title="bbox 181 1229 1377 1292; baseline -0.002 -20"><span class='ocrx_word' id='word_1_107' title='bbox 181 1231 334 1272; x_wconf 86' lang='lat' dir='ltr'><strong>Victor</strong></span> <span class='ocrx_word' id='word_1_108' title='bbox 358 1232 566 1292; x_wconf 74' lang='lat' dir='ltr'><strong>prop‘ositi</strong></span> <span class='ocrx_word' id='word_1_109' title='bbox 593 1233 714 1271; x_wconf 86' lang='lat' dir='ltr'><strong>simul</strong></span> <span class='ocrx_word' id='word_1_110' title='bbox 744 1245 791 1271; x_wconf 89' lang='lat' dir='ltr'><strong>ae</strong></span> <span class='ocrx_word' id='word_1_111' title='bbox 819 1230 1217 1284; x_wconf 30' lang='lat' dir='ltr'><strong>perveneris—illuc,</strong></span> <span class='ocrx_word' id='word_1_112' title='bbox 1372 1229 1377 1233; x_wconf 72' lang='grc'><strong>’</strong></span> 
     </span>
    </p>

    <p class='ocr_par' dir='ltr' id='par_1_11' title="bbox 181 1282 1353 1391">
     <span class='ocr_line' id='line_1_19' title="bbox 182 1282 1259 1338; baseline -0.002 -15"><span class='ocrx_word' id='word_1_113' title='bbox 182 1284 253 1324; x_wconf 84' lang='lat' dir='ltr'><strong>Sic</strong></span> <span class='ocrx_word' id='word_1_114' title='bbox 281 1292 466 1338; x_wconf 90' lang='lat' dir='ltr'><strong>positum</strong></span> <span class='ocrx_word' id='word_1_115' title='bbox 495 1285 681 1325; x_wconf 89' lang='lat' dir='ltr'><strong>servabis</strong></span> <span class='ocrx_word' id='word_1_116' title='bbox 711 1299 838 1334; x_wconf 90' lang='lat' dir='ltr'><strong>onus,</strong></span> <span class='ocrx_word' id='word_1_117' title='bbox 866 1297 919 1323; x_wconf 88' lang='lat' dir='ltr'><strong>ne</strong></span> <span class='ocrx_word' id='word_1_118' title='bbox 946 1283 1061 1323; x_wconf 79' lang='lat' dir='ltr'><strong>foi-te</strong></span> <span class='ocrx_word' id='word_1_119' title='bbox 1090 1282 1167 1322; x_wconf 84' lang='lat' dir='ltr'><strong>sub</strong></span> <span class='ocrx_word' id='word_1_120' title='bbox 1196 1283 1259 1322; x_wconf 87' lang='lat' dir='ltr'><strong>ala</strong></span> 
     </span>
     <span class='ocr_line' id='line_1_20' title="bbox 181 1335 1353 1391; baseline 0.001 -15"><span class='ocrx_word' id='word_1_121' title='bbox 181 1338 445 1378; x_wconf 86' lang='lat' dir='ltr'><strong>Fasciculum</strong></span> <span class='ocrx_word' id='word_1_122' title='bbox 470 1347 616 1391; x_wconf 86' lang='lat' dir='ltr'><strong>portes</strong></span> <span class='ocrx_word' id='word_1_123' title='bbox 643 1337 870 1386; x_wconf 85' lang='lat' dir='ltr'><strong>librorum,</strong></span> <span class='ocrx_word' id='word_1_124' title='bbox 897 1345 945 1376; x_wconf 92' lang='lat' dir='ltr'><strong>ut</strong></span> <span class='ocrx_word' id='word_1_125' title='bbox 970 1335 1149 1376; x_wconf 86' lang='lat' dir='ltr'><strong>rusticus</strong></span> <span class='ocrx_word' id='word_1_126' title='bbox 1179 1350 1330 1390; x_wconf 85' lang='lat' dir='ltr'><strong>agnum</strong></span> <span class='ocrx_word' id='word_1_127' title='bbox 1338 1351 1353 1389; x_wconf 74' lang='grc' dir='ltr'><strong>ζ,</strong></span> 
     </span>
    </p>

    <p class='ocr_par' dir='ltr' id='par_1_12' title="bbox 182 1389 1187 1444">
     <span class='ocr_line' id='line_1_21' title="bbox 182 1389 1187 1444; baseline 0 -15"><span class='ocrx_word' id='word_1_128' title='bbox 182 1391 239 1430; x_wconf 89' lang='lat' dir='ltr'><strong>Ut</strong></span> <span class='ocrx_word' id='word_1_129' title='bbox 266 1391 411 1432; x_wconf 87' lang='lat' dir='ltr'><strong>vinosa</strong></span> <span class='ocrx_word' id='word_1_130' title='bbox 440 1392 603 1444; x_wconf 86' lang='lat' dir='ltr'><strong>glomus</strong></span> <span class='ocrx_word' id='word_1_131' title='bbox 630 1391 813 1431; x_wconf 85' lang='lat' dir='ltr'><strong>furtivae</strong></span> <span class='ocrx_word' id='word_1_132' title='bbox 839 1389 1015 1442; x_wconf 87' lang='lat' dir='ltr'><strong>Pyrrhia</strong></span> <span class='ocrx_word' id='word_1_133' title='bbox 1047 1389 1164 1429; x_wconf 87' lang='lat' dir='ltr'><strong>lanae</strong></span> <span class='ocrx_word' id='word_1_134' title='bbox 1173 1403 1187 1441; x_wconf 83' lang='lat'><em>3</em></span> 
     </span>
    </p>

    <p class='ocr_par' dir='ltr' id='par_1_13' title="bbox 180 1442 1504 1552">
     <span class='ocr_line' id='line_1_22' title="bbox 181 1442 1504 1497; baseline -0.002 -14"><span class='ocrx_word' id='word_1_135' title='bbox 181 1445 239 1483; x_wconf 83' lang='lat' dir='ltr'><strong>Ut</strong></span> <span class='ocrx_word' id='word_1_136' title='bbox 260 1457 355 1484; x_wconf 90' lang='lat' dir='ltr'><strong>cum</strong></span> <span class='ocrx_word' id='word_1_137' title='bbox 380 1444 539 1497; x_wconf 88' lang='lat' dir='ltr'><strong>pileolo</strong></span> <span class='ocrx_word' id='word_1_138' title='bbox 568 1445 702 1484; x_wconf 91' lang='lat' dir='ltr'><strong>soleas</strong></span> <span class='ocrx_word' id='word_1_139' title='bbox 732 1443 907 1488; x_wconf 87' lang='lat' dir='ltr'><strong>conviva</strong></span> <span class='ocrx_word' id='word_1_140' title='bbox 933 1442 1110 1482; x_wconf 85' lang='lat' dir='ltr'><strong>tribulis.</strong></span> <span class='ocrx_word' id='word_1_141' title='bbox 1457 1443 1504 1484; x_wconf 85' lang='lat'><strong>15</strong></span> 
     </span>
     <span class='ocr_line' id='line_1_23' title="bbox 180 1495 1104 1552; baseline -0.001 -15"><span class='ocrx_word' id='word_1_142' title='bbox 180 1498 246 1537; x_wconf 91' lang='lat' dir='ltr'><strong>Ne</strong></span> <span class='ocrx_word' id='word_1_143' title='bbox 274 1496 403 1552; x_wconf 86' lang='lat' dir='ltr'><strong>vulgo</strong></span> <span class='ocrx_word' id='word_1_144' title='bbox 432 1511 577 1537; x_wconf 86' lang='lat' dir='ltr'><strong>narres</strong></span> <span class='ocrx_word' id='word_1_145' title='bbox 607 1506 651 1537; x_wconf 90' lang='lat' dir='ltr'><strong>te</strong></span> <span class='ocrx_word' id='word_1_146' title='bbox 679 1497 896 1536; x_wconf 83' lang='lat' dir='ltr'><strong>sudavisse</strong></span> <span class='ocrx_word' id='word_1_147' title='bbox 924 1495 1104 1536; x_wconf 86' lang='lat' dir='ltr'><strong>ferendo</strong></span> 
     </span>
    </p>

    <p class='ocr_par' dir='ltr' id='par_1_14' title="bbox 183 1547 1317 1657">
     <span class='ocr_line' id='line_1_24' title="bbox 183 1547 1317 1606; baseline -0.003 -15"><span class='ocrx_word' id='word_1_148' title='bbox 183 1547 401 1601; x_wconf 81' lang='lat' dir='ltr'><strong>Carmina,</strong></span> <span class='ocrx_word' id='word_1_149' title='bbox 429 1564 537 1606; x_wconf 88' lang='lat' dir='ltr'><strong>quae</strong></span> <span class='ocrx_word' id='word_1_150' title='bbox 562 1550 723 1604; x_wconf 85' lang='lat' dir='ltr'><strong>possint</strong></span> <span class='ocrx_word' id='word_1_151' title='bbox 751 1551 896 1590; x_wconf 89' lang='lat' dir='ltr'><strong>oculos</strong></span> <span class='ocrx_word' id='word_1_152' title='bbox 926 1563 1135 1604; x_wconf 88' lang='lat' dir='ltr'><strong>auresque</strong></span> <span class='ocrx_word' id='word_1_153' title='bbox 1160 1547 1317 1590; x_wconf 82' lang='lat' dir='ltr'><strong>morari</strong></span> 
     </span>
     <span class='ocr_line' id='line_1_25' title="bbox 184 1603 1236 1657; baseline 0 -15"><span class='ocrx_word' id='word_1_154' title='bbox 184 1605 396 1654; x_wconf 82' lang='lat' dir='ltr'><strong>Caesaris3</strong></span> <span class='ocrx_word' id='word_1_155' title='bbox 426 1612 567 1643; x_wconf 89' lang='lat' dir='ltr'><strong>oratus</strong></span> <span class='ocrx_word' id='word_1_156' title='bbox 596 1605 725 1644; x_wconf 89' lang='lat' dir='ltr'><strong>multa</strong></span> <span class='ocrx_word' id='word_1_157' title='bbox 752 1617 903 1657; x_wconf 84' lang='lat' dir='ltr'><strong>prece,</strong></span> <span class='ocrx_word' id='word_1_158' title='bbox 930 1603 1064 1642; x_wconf 84' lang='lat' dir='ltr'><strong>nitere</strong></span> <span class='ocrx_word' id='word_1_159' title='bbox 1091 1617 1236 1656; x_wconf 89' lang='lat' dir='ltr'><strong>porro.</strong></span> 
     </span>
    </p>

    <p class='ocr_par' dir='ltr' id='par_1_15' title="bbox 181 1655 1372 1713">
     <span class='ocr_line' id='line_1_26' title="bbox 181 1655 1372 1713; baseline -0.005 -12"><span class='ocrx_word' id='word_1_160' title='bbox 181 1657 326 1711; x_wconf 85' lang='lat' dir='ltr'><strong>Vade,</strong></span> <span class='ocrx_word' id='word_1_161' title='bbox 353 1657 471 1710; x_wconf 77' lang='lat' dir='ltr'><strong>vale,</strong></span> <span class='ocrx_word' id='word_1_162' title='bbox 495 1670 600 1699; x_wconf 87' lang='lat' dir='ltr'><strong>cave</strong></span> <span class='ocrx_word' id='word_1_163' title='bbox 625 1671 680 1699; x_wconf 86' lang='lat' dir='ltr'><strong>ne</strong></span> <span class='ocrx_word' id='word_1_164' title='bbox 706 1656 863 1699; x_wconf 84' lang='lat' dir='ltr'><strong>titubes</strong></span> <span class='ocrx_word' id='word_1_165' title='bbox 890 1656 1165 1713; x_wconf 79' lang='lat' dir='ltr'><strong>mandataque</strong></span> <span class='ocrx_word' id='word_1_166' title='bbox 1191 1655 1372 1710; x_wconf 86' lang='lat' dir='ltr'><strong>frangas.</strong></span> 
     </span>
    </p>
   </div>
   <div class='ocr_carea' id='block_1_5' title="bbox 715 1760 969 1767">
    <p class='ocr_par' dir='ltr' id='par_1_16' title="bbox 715 1760 969 1767">
     <span class='ocr_line' id='line_1_27' title="bbox 715 1760 969 1767; baseline 0 637"><span class='ocrx_word' id='word_1_167' title='bbox 715 1760 969 1767; x_wconf 95' lang='lat' dir='ltr'><strong> </strong></span> 
     </span>
    </p>
   </div>
   <div class='ocr_carea' id='block_1_6' title="bbox 557 1848 1150 1982">
    <p class='ocr_par' dir='ltr' id='par_1_17' title="bbox 557 1848 1150 1982">
     <span class='ocr_line' id='line_1_28' title="bbox 666 1848 1150 1904; baseline -0.002 -17"><span class='ocrx_word' id='word_1_168' title='bbox 666 1860 878 1889; x_wconf 74' lang='lat' dir='ltr'><strong>ErisronA</strong></span> <span class='ocrx_word' id='word_1_169' title='bbox 903 1848 1015 1891; x_wconf 87' lang='lat' dir='ltr'>XIV.</span> <span class='ocrx_word' id='word_1_170' title='bbox 1140 1900 1150 1904; x_wconf 79' lang='lat'>-</span> 
     </span>
     <span class='ocr_line' id='line_1_29' title="bbox 557 1936 1120 1982; baseline -0.004 -5"><span class='ocrx_word' id='word_1_171' title='bbox 557 1937 636 1977; x_wconf 91' lang='lat' dir='ltr'><strong>AD</strong></span> <span class='ocrx_word' id='word_1_172' title='bbox 663 1937 932 1982; x_wconf 87' lang='lat' dir='ltr'>VILLICUM</span> <span class='ocrx_word' id='word_1_173' title='bbox 958 1936 1120 1975; x_wconf 86' lang='lat' dir='ltr'>SUUM.</span> 
     </span>
    </p>
   </div>
   <div class='ocr_carea' id='block_1_7' title="bbox 181 2010 1502 2109">
    <p class='ocr_par' dir='ltr' id='par_1_18' title="bbox 181 2010 1502 2109">
     <span class='ocr_line' id='line_1_30' title="bbox 226 2010 1502 2062; baseline -0.007 -11"><span class='ocrx_word' id='word_1_174' title='bbox 226 2018 393 2051; x_wconf 88' lang='lat' dir='ltr'><strong>Villicum</strong></span> <span class='ocrx_word' id='word_1_175' title='bbox 415 2028 530 2059; x_wconf 86' lang='lat' dir='ltr'><strong>suum,</strong></span> <span class='ocrx_word' id='word_1_176' title='bbox 555 2019 605 2050; x_wconf 79' lang='lat' dir='ltr'><strong>rei</strong></span> <span class='ocrx_word' id='word_1_177' title='bbox 629 2020 780 2053; x_wconf 82' lang='lat' dir='ltr'><strong>rusticae</strong></span> <span class='ocrx_word' id='word_1_178' title='bbox 796 2023 1007 2062; x_wconf 85' lang='lat' dir='ltr'><strong>pertaesum,</strong></span> <span class='ocrx_word' id='word_1_179' title='bbox 1030 2017 1119 2048; x_wconf 86' lang='lat' dir='ltr'><strong>vitae</strong></span> <span class='ocrx_word' id='word_1_180' title='bbox 1141 2013 1294 2046; x_wconf 83' lang='lat' dir='ltr'><strong>rusticae</strong></span> <span class='ocrx_word' id='word_1_181' title='bbox 1313 2010 1502 2045; x_wconf 78' lang='lat' dir='ltr'><strong>commoda</strong></span> 
     </span>
     <span class='ocr_line' id='line_1_31' title="bbox 181 2056 1497 2109; baseline -0.006 -13"><span class='ocrx_word' id='word_1_182' title='bbox 181 2075 263 2096; x_wconf 85' lang='lat' dir='ltr'><strong>cuin</strong></span> <span class='ocrx_word' id='word_1_183' title='bbox 288 2063 420 2096; x_wconf 82' lang='lat' dir='ltr'><strong>urbana</strong></span> <span class='ocrx_word' id='word_1_184' title='bbox 439 2063 508 2095; x_wconf 87' lang='lat' dir='ltr'><strong>vita</strong></span> <span class='ocrx_word' id='word_1_185' title='bbox 532 2071 755 2109; x_wconf 80' lang='lat' dir='ltr'><strong>comparatae</strong></span> <span class='ocrx_word' id='word_1_186' title='bbox 775 2063 892 2096; x_wconf 85' lang='lat' dir='ltr'><strong>docet.</strong></span> <span class='ocrx_word' id='word_1_187' title='bbox 917 2061 988 2096; x_wconf 85' lang='lat' dir='ltr'><strong>Sed</strong></span> <span class='ocrx_word' id='word_1_188' title='bbox 1007 2061 1060 2093; x_wconf 80' lang='lat' dir='ltr'><strong>vix</strong></span> <span class='ocrx_word' id='word_1_189' title='bbox 1083 2058 1274 2093; x_wconf 86' lang='lat' dir='ltr'><strong>credideris</strong></span> <span class='ocrx_word' id='word_1_190' title='bbox 1293 2056 1383 2090; x_wconf 85' lang='lat' dir='ltr'><strong>hanc</strong></span> <span class='ocrx_word' id='word_1_191' title='bbox 1404 2057 1497 2102; x_wconf 85' lang='lat' dir='ltr'><strong>epis·</strong></span> 
     </span>
    </p>
   </div>
   <div class='ocr_carea' id='block_1_8' title="bbox 179 2177 1501 2328">
    <p class='ocr_par' dir='ltr' id='par_1_19' title="bbox 179 2177 1501 2328">
     <span class='ocr_line' id='line_1_32' title="bbox 179 2177 1501 2232; baseline -0.017 -2"><span class='ocrx_word' id='word_1_192' title='bbox 179 2228 182 2230; x_wconf 75' lang='grc'>,</span> <span class='ocrx_word' id='word_1_193' title='bbox 249 2187 349 2228; x_wconf 74' lang='lat' dir='ltr'>XIII,</span> <span class='ocrx_word' id='word_1_194' title='bbox 373 2197 411 2218; x_wconf 80' lang='lat' dir='ltr'><strong>&#39;v-</strong></span> <span class='ocrx_word' id='word_1_195' title='bbox 437 2197 470 2219; x_wconf 80' lang='lat'><strong>2.</strong></span> <span class='ocrx_word' id='word_1_196' title='bbox 494 2186 588 2219; x_wconf 88' lang='lat' dir='ltr'><strong>Olim</strong></span> <span class='ocrx_word' id='word_1_197' title='bbox 614 2187 787 2232; x_wconf 85' lang='lat' dir='ltr'><strong>plurimae</strong></span> <span class='ocrx_word' id='word_1_198' title='bbox 809 2185 900 2219; x_wconf 85' lang='lat' dir='ltr'><strong>Edd.</strong></span> <span class='ocrx_word' id='word_1_199' title='bbox 929 2185 1049 2224; x_wconf 75' lang='lat' dir='ltr'><strong>Vinni,</strong></span> <span class='ocrx_word' id='word_1_200' title='bbox 1079 2183 1183 2216; x_wconf 84' lang='lat' dir='ltr'><strong>male.</strong></span> <span class='ocrx_word' id='word_1_201' title='bbox 1207 2177 1288 2213; x_wconf 87' lang='lat' dir='ltr'><strong>Vid.</strong></span> <span class='ocrx_word' id='word_1_202' title='bbox 1318 2178 1431 2230; x_wconf 60' lang='lat' dir='ltr'><strong>Bentl.</strong></span> <span class='ocrx_word' id='word_1_203' title='bbox 1453 2193 1501 2202; x_wconf 90' lang='lat'>-</span> 
     </span>
     <span class='ocr_line' id='line_1_33' title="bbox 180 2222 1499 2276; baseline -0.01 -11"><span class='ocrx_word' id='word_1_204' title='bbox 180 2243 217 2265; x_wconf 88' lang='lat' dir='ltr'><strong>v.</strong></span> <span class='ocrx_word' id='word_1_205' title='bbox 245 2231 295 2275; x_wconf 71' lang='lat'><strong>14.</strong></span> <span class='ocrx_word' id='word_1_206' title='bbox 322 2231 472 2265; x_wconf 83' lang='lat' dir='ltr'><strong>Codices</strong></span> <span class='ocrx_word' id='word_1_207' title='bbox 497 2233 610 2265; x_wconf 72' lang='lat' dir='ltr'><strong>varie:</strong></span> <span class='ocrx_word' id='word_1_208' title='bbox 635 2233 793 2276; x_wconf 75' lang='lat' dir='ltr'><strong>glomos,</strong></span> <span class='ocrx_word' id='word_1_209' title='bbox 817 2231 966 2274; x_wconf 77' lang='lat' dir='ltr'><strong>globos,</strong></span> <span class='ocrx_word' id='word_1_210' title='bbox 986 2230 1126 2273; x_wconf 80' lang='lat' dir='ltr'><strong>glomus</strong></span> <span class='ocrx_word' id='word_1_211' title='bbox 1142 2237 1230 2263; x_wconf 80' lang='lat' dir='ltr'><strong>unus</strong></span> <span class='ocrx_word' id='word_1_212' title='bbox 1249 2224 1400 2256; x_wconf 80' lang='lat' dir='ltr'><strong>Fabricii</strong></span> <span class='ocrx_word' id='word_1_213' title='bbox 1419 2222 1499 2265; x_wconf 76' lang='lat' dir='ltr'><strong>glo-</strong></span> 
     </span>
     <span class='ocr_line' id='line_1_34' title="bbox 182 2267 1498 2328; baseline -0.008 -18"><span class='ocrx_word' id='word_1_214' title='bbox 182 2288 270 2311; x_wconf 83' lang='lat' dir='ltr'><strong>men.</strong></span> <span class='ocrx_word' id='word_1_215' title='bbox 295 2277 379 2312; x_wconf 82' lang='lat' dir='ltr'><strong>vid.</strong></span> <span class='ocrx_word' id='word_1_216' title='bbox 403 2277 517 2328; x_wconf 74' lang='lat' dir='ltr'><strong>Bentl.</strong></span> <span class='ocrx_word' id='word_1_217' title='bbox 543 2283 578 2311; x_wconf 86' lang='lat' dir='ltr'><strong>ct</strong></span> <span class='ocrx_word' id='word_1_218' title='bbox 598 2279 678 2311; x_wconf 82' lang='lat' dir='ltr'><strong>Fea.</strong></span> <span class='ocrx_word' id='word_1_219' title='bbox 706 2292 742 2300; x_wconf 89' lang='lat'>—</span> <span class='ocrx_word' id='word_1_220' title='bbox 776 2289 815 2312; x_wconf 82' lang='lat' dir='ltr'><strong>v.</strong></span> <span class='ocrx_word' id='word_1_221' title='bbox 846 2278 896 2310; x_wconf 63' lang='lat'><strong>16.</strong></span> <span class='ocrx_word' id='word_1_222' title='bbox 922 2276 999 2309; x_wconf 82' lang='lat' dir='ltr'><strong>Neu</strong></span> <span class='ocrx_word' id='word_1_223' title='bbox 1024 2285 1065 2309; x_wconf 85' lang='lat' dir='ltr'><strong>ex</strong></span> <span class='ocrx_word' id='word_1_224' title='bbox 1090 2284 1161 2306; x_wconf 91' lang='lat' dir='ltr'><strong>uno</strong></span> <span class='ocrx_word' id='word_1_225' title='bbox 1186 2282 1250 2304; x_wconf 91' lang='lat' dir='ltr'><strong>suo</strong></span> <span class='ocrx_word' id='word_1_226' title='bbox 1272 2268 1361 2302; x_wconf 89' lang='lat' dir='ltr'><strong>Cod.</strong></span> <span class='ocrx_word' id='word_1_227' title='bbox 1386 2267 1498 2301; x_wconf 82' lang='lat' dir='ltr'><strong>Bentl.</strong></span> 
     </span>
    </p>
   </div>
  </div>
 </body>
</html>
