1526 2404
506 214 763 245 mus-ronan.
789 214 877 244 Lm.
903 202 936 243 1.
963 214 1004 243 2.
1325 217 1400 259 κη

84 310 173 362 Qui
202 310 317 365 eupit
347 319 419 351 aut
444 310 616 360 metuit,
640 309 757 350 iuvat
781 309 900 350 illum
926 308 986 349 sic
1012 307 1162 350 domus
1188 318 1233 352 et
1254 325 1349 366 res,

82 364 223 418 Ut-lip
253 378 325 403 um
354 366 494 427 pictae
523 363 714 414 tabulae,
742 361 932 402 fomenta
961 362 1215 418 podagram,

82 378 302 457 Aurictiias
331 417 515 458 mtharae
536 417 713 456 collecta
739 416 864 456 sorde
891 414 1095 455 dolentes.

85 470 308 520 sincerum
324 479 388 510 est
406 471 484 509 nisi
510 484 605 521 vas,
628 468 825 525 quodcum
886 482 910 508 e
938 468 1145 519 infundis,
1173 470 1339 511 acescit.

85 523 248 577 Sperne
266 525 524 578 voluptates3
551 531 677 562 nocet
698 524 808 563 emta
859 523 979 562 olore
1004 523 1210 577 voluptas.
1347 523 1402 577 55

85 575 264 630 Semper
292 588 440 616 avarus
468 586 593 630 eget3
623 584 786 616 certum
814 583 915 616 voto
935 583 1039 637 pete
1070 575 1208 617 finem.

84 629 253 669 Invidus
283 630 452 670 alterius
479 630 700 670 macrescit
724 629 853 669 rebus
875 629 1047 690 oplmi83

85 682 245 721 Invidia
274 682 403 722 Siculi
428 697 511 722 non
527 683 728 722 invenere
755 690 920 735 tyranm
938 714 953 717 -

84 735 218 775 Maius
244 744 512 776 tormentum.
541 736 628 799 Qui
653 750 736 776 non
764 734 1052 776 moderabitur
1078 737 1190 785 irae,

85 787 294 827 Infectam
322 790 439 829 volet
467 803 560 829 esse
571 820 591 839 ‚,
612 789 737 828 dolor
765 789 880 843 quod
899 791 1077 829 suaserit
1097 798 1140 829 et
1157 801 1297 839 mens,
1353 785 1406 828 60

84 841 198 880 Dum
223 855 382 895 poenas
412 842 511 882 odio
539 855 619 895 per
645 842 730 880 vim
757 842 930 882 festinat
951 843 1097 883 inulto.

85 894 152 932 Ira
180 893 304 934 furor
329 895 475 935 brevis
502 904 566 935 est
575 910 587 946 3
616 895 795 934 animum
823 909 950 949 rege,
978 897 1050 951 qui
1075 896 1153 936 nisi
1178 900 1325 947 paret,

88 947 291 1000 Imperat3
318 948 430 988 hunc
458 948 612 998 frenis,
638 948 749 987 hunc
776 957 824 987 tu
852 962 1075 1002 compesce
1106 954 1263 988 catena.

87 1000 230 1054 Fingit
257 1015 413 1056 equum
441 1010 587 1041 tenera
617 1001 796 1040 docilem
834 1002 1000 1041 cervice
1026 1003 1226 1057 magister

85 1053 175 1103 Ire,
205 1054 313 1094 viam
342 1068 424 1109 qua
450 1063 657 1094 monstret
685 1067 828 1108 eques.
858 1056 1109 1106 venaticus,
1140 1069 1191 1095 ex
1213 1067 1299 1108 quo
1357 1051 1409 1094 65

89 1107 303 1161 Tempore
330 1107 539 1148 cervinam
566 1108 722 1161 pellem
749 1108 915 1147 latravit
941 1109 984 1147 in
1011 1110 1127 1160 aula,

89 1159 239 1201 Militat
263 1161 306 1199 in
333 1160 446 1201 silvis
475 1163 650 1201 catulus.
675 1162 795 1199 Nune
825 1161 976 1210 adhibe
1030 1177 1108 1202 uro

86 1214 273 1253 Pectore
301 1213 432 1253 verba
457 1228 588 1267 puer,
618 1227 727 1252 nunc
752 1221 797 1252 te
824 1215 990 1254 meliori
1021 1229 1069 1255 us
1096 1213 1224 1256 offer.

91 1266 188 1316 Quo
217 1267 346 1306 semel
375 1275 438 1305 est
465 1267 624 1306 imbuta
649 1280 820 1317 recem,
848 1268 1034 1308 servabit
1066 1269 1244 1308 odorem

90 1321 216 1358 Testa
244 1319 328 1359 diu.
358 1319 487 1376 Quod
515 1321 550 1359 si
577 1333 712 1360 cessas
741 1328 812 1359 aut
838 1329 1033 1360 strenuus
1061 1322 1216 1371 amois,
1359 1332 1413 1373 70

88 1373 178 1413 Nec
205 1374 372 1413 tardum
402 1373 604 1427 opperior
630 1387 709 1413 nec
734 1374 1089 1427 praecedentibus
1116 1375 1240 1416 insto.

603 1581 816 1608 mus-rona
835 1570 903 1608 III.

464 1650 543 1690 AD
572 1652 765 1691 IULIUM
791 1652 1046 1692 FLORUM.

163 1734 290 1766 Iulium
313 1735 457 1767 Florum
474 1736 681 1768 familiarem
706 1748 828 1777 suum7
854 1743 938 1769 tunc
959 1738 1129 1781 temporis
1152 1739 1245 1771 inter
1269 1738 1416 1771 comites

98 1779 231 1812 Tiberii
256 1781 405 1812 Neronis
430 1791 519 1812 anno
545 1781 586 1812 U.
614 1782 652 1812 C.
679 1780 743 1823 734
770 1783 805 1813 in
831 1782 1014 1813 Orientem
1040 1782 1083 1814 ab
1110 1783 1266 1826 Augusto
1297 1784 1416 1824 missi,

97 1831 135 1856 ut
161 1825 304 1868 Tigrani
322 1826 507 1858 Armeniae
529 1826 730 1858 restitueret
746 1837 908 1869 regnum,
928 1832 1177 1870 percontatur,
1203 1827 1288 1872 quid
1309 1828 1418 1860 Tibe-

96 1871 193 1910 rius,
229 1869 314 1913 quid
348 1881 549 1902 communes
575 1871 697 1911 amici,
736 1871 819 1915 quid
843 1873 917 1915 ipse
942 1878 1036 1915 agat,
1075 1872 1182 1915 (vers.
1214 1872 1348 1916 1—25.)
1374 1873 1419 1905 ad

98 1915 291 1958 sapientiae
314 1915 467 1946 studium
493 1916 620 1947 excitat
646 1914 689 1958 (v.
709 1918 750 1949 25
766 1916 915 1959 —3o.),
941 1924 1158 1961 postremum
1179 1924 1218 1949 ut
1242 1930 1321 1951 cum
1339 1919 1418 1950 Mu-

98 1961 206 2003 natio⁷
224 1961 403 1993 communi
418 1961 544 2002 amico,
561 1961 596 1991 in
611 1962 757 2004 gratiam
773 1961 895 1994 redeat
912 1963 1022 1996 amice
1038 1963 1209 1996 hortatur.
1225 1962 1269 2007 (v.
1282 1963 1416 2008 30-35.)

98 2127 147 2134 -
178 2122 208 2141 v.
232 2111 286 2143 52.
319 2109 517 2156 podagrum
541 2112 653 2144 Bentl.
684 2129 727 2136 —
762 2118 915 2144 tomenta
945 2113 1039 2146 coni.
1064 2114 1190 2148 Buher.
1225 2114 1419 2157 Antholog.

102 2155 163 2186 lat.
180 2155 365 2188 Burmanni
387 2159 488 2188 Tom.
509 2157 552 2188 Π.
578 2169 612 2200 p.
630 2155 707 2198 485.
733 2157 786 2188 Cf.
809 2158 975 2201 Doering.
1000 2164 1034 2191 et
1052 2159 1150 2191 Iahn.
1176 2179 1219 2184 —
1242 2173 1271 2191 v.
1286 2161 1343 2193 65.
1369 2160 1422 2191 Ita

104 2199 215 2231 Bentl.
234 2211 252 2231 e
271 2200 508 2244 Codd.·quem
523 2202 605 2233 vid.
630 2202 725 2234 Olim
742 2205 833 2245 vulg.
857 2203 915 2235 Ire
937 2204 1032 2235 viam
1049 2215 1158 2251 quam
1173 2213 1362 2238 monstrat.
1375 2222 1421 2231 —

105 2254 135 2275 v.
152 2244 210 2276 66.
233 2244 400 2279 laceravit
419 2247 457 2279 in
479 2246 565 2279 aula
587 2245 705 2291 Codd.
725 2247 860 2291 aliquot
879 2248 982 2282 Feae.
