1526 2404
502 185 743 214 snuomm
769 184 856 211 mn.
882 171 913 211 1.
949 183 1009 211 10.
1368 173 1423 220 47

96 281 202 321 Nem
236 293 260 320 e
286 279 580 334 imcomposito
611 277 836 370 dixifpede
863 289 1040 317 currere
1065 286 1215 316 versus

96 334 199 374 Luc·
219 337 248 373 i.
331 333 396 374 uis
423 342 508 373 tam
538 333 676 371 Lucili
725 339 846 370 autor
871 330 1014 383 inepte
1044 337 1130 379 est,

96 387 154 426 Ut
178 399 263 426 non
330 399 380 426 oc
406 385 620 425 fateatur?
647 385 705 423 At
731 383 868 434 idem,
896 382 1013 438 quod
1041 381 1127 421 sale
1154 380 1289 421 multo

97 438 258 480 Urbem
285 438 511 487 defricuit,
542 437 686 476 charta
712 436 906 475 laudatur
935 434 1096 474 eadem.

97 493 187 532 Noc
211 500 353 532 tamen
376 491 462 531 hoc
485 489 675 530 tribuens
703 489 895 529 dederim
914 501 1094 549 ‘quoque
1123 494 1294 538 cetera3
1327 501 1427 580 nai}

872 554 950 580 ἐιο

98 597 158 637 Et
180 595 338 636 Laberi
363 596 512 635 mimos
539 603 588 635 ut
615 593 792 648 pulchra
818 596 1015 647 poi-’mata
1041 593 1184 632 mirer.

99 650 161 689 Er
192 663 218 688 o
249 661 335 688 non
360 649 458 688 satis
490 656 554 687 est
579 649 668 687 risu
696 647 898 686 diducere
931 648 1084 686 rictum

98 702 168 741 Au
200 701 338 741 'torisz
369 703 435 754 (et
452 709 517 740 est
534 701 739 755 quaedam
766 708 907 738 tamen
931 700 999 739 hic
1020 711 1192 754 quoque
1217 699 1350 738 virtus
1361 698 1394 751 :)

99 754 179 794 Est
207 753 415 793 brevitate
444 766 573 807 opus,
606 761 654 792 ut
682 760 826 792 currat
852 753 1078 801 sententia,
1109 765 1194 791 neu
1219 765 1266 791 se

98 806 302 860 Impediat
330 806 469 847 verbis
496 807 622 845 lassas
652 805 919 845 onerantibus
949 819 1091 844 aures:
1379 817 1428 844 ιο

98 860 157 898 Et
185 872 380 898 sermone
408 873 514 920 opus
545 866 608 897 est
635 858 763 897 modo
793 858 924 907 tristi,
952 871 1079 910 saepe
1108 858 1280 908 iocoso,

99 911 372 950 Defendente
399 924 532 951 vicem
565 910 694 949 modo
722 909 907 950 rhetoris
936 920 1061 965 atque
1089 912 1268 963 poetae,

99 963 314 1003 Interdum
338 964 507 1013 urbani,
535 965 743 1016 parcentis
772 963 954 1013 viribus,
984 972 1110 1017 atque

100 1016 373 1056 Extenuantis
402 1030 471 1056 eas
500 1016 705 1055 consulto.
760 1015 1004 1054 Ridiculum
1031 1016 1118 1062 acri

100 1069 272 1108 Fortius
301 1076 346 1108 et
370 1069 520 1108 melius
548 1082 715 1122 magnas
744 1069 996 1122 plerumque
1026 1077 1140 1108 secat
1166 1081 1250 1108 res.
1380 1067 1429 1107 15

101 1121 190 1170 Illi,
214 1122 297 1161 scri
329 1130 372 1161 ta
399 1122 549 1176 quibus
579 1122 811 1160 Comoedia
837 1121 977 1173 prisca
1008 1121 1105 1161 viris
1135 1129 1222 1170 est,

100 1174 198 1214 Hoc
225 1183 264 1214 st
320 1182 414 1224 ant,
439 1174 523 1213 hoc
550 1181 646 1212 sunt
672 1173 860 1212 imitandi
869 1188 881 1223 3
911 1187 1018 1227 quos
1046 1186 1186 1227 neque
1214 1171 1396 1226 pulcher

100 1227 395 1281 Hermogenes
426 1240 608 1280 unquam
638 1226 679 1265 le
713 1226 765 1276 't‚
790 1239 931 1280 neque
960 1226 1101 1265 simius
1128 1226 1232 1275 iste,

99 1279 168 1318 Nil
194 1289 366 1332 praeter
397 1279 573 1319 Calvum
603 1286 647 1317 et
707 1286 828 1324 oms
857 1287 1023 1317 cantare
1055 1278 1278 1318 Catullum.
1307 1299 1363 1307 —

101 1331 159 1370 At
185 1346 381 1386 magnum
406 1331 534 1381 fecit,
563 1330 680 1385 quod
707 1331 849 1370 verbis
880 1331 1043 1370 Graeca
1069 1331 1226 1370 Latinis
1377 1341 1431 1370 20

101 1384 279 1423 Miscuit.
305 1407 361 1414 —-
388 1383 429 1424 Ο
459 1384 544 1423 seri
571 1383 829 1422 studiorum!
888 1384 984 1422 uine
1008 1384 1164 1436 putetis

102 1435 290 1476 Difficile
318 1445 363 1476 et
388 1437 562 1485 mirum,
589 1435 758 1475 Rhodio
787 1450 870 1490 quo
930 1435 1192 1475 Pitholeonti

106 1488 324 1542 Contigit?
350 1512 405 1518 —
430 1489 489 1527 At
516 1502 655 1528 sermo
685 1489 827 1542 lingua
854 1489 1080 1527 concinnus
1110 1496 1291 1542 utraque

105 1539 308 1591 suavior,
335 1549 384 1580 ut
412 1540 517 1580 Chio
547 1548 646 1579 nota
673 1541 709 1579 si
735 1542 959 1580 commixta
988 1541 1158 1579 Falerni
1186 1548 1262 1579 est.

104 1592 252 1684 guum
268 1606 414 1632 versus
436 1592 587 1641 facias,
603 1600 646 1630 te
665 1593 802 1653 ipsum
823 1601 1068 1645 percontor,
1091 1608 1142 1631 an
1162 1601 1205 1632 et
1225 1605 1354 1647 quum
1380 1592 1433 1633 25

148 1659 227 1684 ura
252 1643 330 1683 tibi
387 1644 598 1697 eragenda
624 1658 689 1683 rel
716 1645 770 1683 sit
798 1658 919 1683 causa
947 1645 1124 1684 Petilli?

107 1698 280 1736 Scilicet
306 1696 459 1736 obitus
485 1696 731 1750 patriaeque
760 1698 905 1749 patris(
922 1711 999 1747 ue,
1027 1698 1176 1736 Latine

108 1750 253 1843 guum
281 1748 440 1788 Pedius
471 1760 613 1787 causas
643 1751 821 1788 exsudet
847 1750 912 1787 Pu
945 1750 1090 1800 licola,
1118 1758 1246 1805 atque

152 1802 346 1851 ominus,
372 1800 517 1854 patriis
544 1801 832 1840 intermiscere
860 1802 990 1853 petita

107 1855 253 1898 Verba
282 1853 388 1892 foris
417 1853 557 1901 malis,
587 1852 781 1892 Canusini
808 1867 928 1893 more
956 1854 1184 1908 bilinguis?
1380 1855 1434 1895 3ο

110 1907 242 1962 Atqui
269 1919 351 1960 ego
381 1919 511 1961 quum
538 1905 724 1944 Graecos
748 1906 959 1958 facerem,
985 1916 1106 1947 natus
1133 1921 1249 1947 mare
1279 1907 1406 1957 citra,

111 2055 158 2067 .-
178 2049 214 2070 υ.
231 2038 264 2070 8.
286 2036 372 2070 haec
392 2048 535 2084 quoque
559 2035 648 2068 Cod.
669 2036 772 2069 Fene.
796 2055 842 2062 —-
871 2048 907 2069 v.
932 2046 986 2071 21.
1009 2039 1146 2082 putatis
1170 2039 1291 2081 plures
1318 2036 1434 2069 Codd.

111 2081 195 2114 Vid.
219 2081 329 2114 Bentl.
357 2089 392 2115 et
411 2082 511 2114 Both.
537 2082 719 2113 Annotatt.
757 2100 801 2106 —
832 2092 869 2113 v.
891 2091 944 2123 27.
971 2081 1094 2114 Latine
1119 2083 1252 2126 aliquot
1274 2082 1434 2114 Lambini.

114 2125 220 2169 idque
240 2131 383 2158 tuentur
407 2127 477 2159 Fea
498 2131 532 2158 ct
556 2125 653 2157 Iahn.
675 2136 763 2168 quos
787 2125 868 2157 Vid.
891 2127 1035 2157 Plurimi
1062 2126 1176 2158 Codd.
1203 2127 1332 2158 Latini.
1363 2126 1434 2157 Pro

114 2169 242 2202 oblinas
266 2170 377 2202 Bentl.
399 2182 441 2203 ex
464 2171 556 2203 coni.
583 2169 729 2207 oblitos,
756 2169 989 2213 probantibus
1011 2170 1135 2202 Heind.
1162 2176 1196 2202 et
1217 2171 1317 2203 Both.
1344 2180 1433 2214 quos

116 2213 170 2246 Cf.
194 2231 239 2238 —
262 2225 298 2246 v.
315 2215 370 2248 δι.
393 2215 506 2259 Atqui
526 2214 637 2247 Bentl.
663 2225 682 2246 e
708 2213 823 2246 Codd.
849 2213 917 2247 Alii
940 2222 1047 2259 atque
1071 2214 1124 2247 Cf.
1148 2214 1272 2247 Heind.
