1526 2404
103 150 176 192 106
344 199 347 203 Ὺ
548 163 587 202 q.
617 161 802 188 uonA‘ru
829 160 984 188 nacci

575 291 766 332 Canium<
812 271 964 334 XXIV.

175 382 296 417 Seculi
320 383 372 415 sui
398 383 482 415 vitia
505 383 700 415 insectatur
725 387 761 416 et
787 393 914 416 eorum
937 381 1136 416 remedium
1157 382 1340 426 proponit.

559 471 723 506 ΛΤεη-ιιηι
747 472 853 518 quale
876 472 904 504 1.
930 474 960 506 3.

93 548 258 588 Intactis
289 547 531 601 opulentior

148 601 374 641 'l'hesauris
404 601 593 642 Arabum
623 609 666 641 et
692 599 831 640 divitis
857 600 1022 650 Indiae,

94 655 331 694 caementis
359 655 459 695 licet
489 668 673 708 occupes

152 707 446 759 Thyri-henum
477 722 602 747 omne
628 707 711 747 tuis
742 715 784 748 et
808 720 925 747 mare
952 706 1200 760 Apuliam,

92 759 137 799 Si
165 760 255 814 figit
285 761 569 800 adamantinos

147 813 326 854 Summis
357 814 585 854 verticibus
615 814 706 854 dira
732 812 971 854 Necessitas

92 864 269 917 Clavos,
297 880 380 906 non
411 869 591 907 animum
618 876 757 915 metu,

145 921 239 958 Non
268 921 415 960 mortis
442 921 604 975 laqueis
635 920 836 974 expedies
860 927 998 974 caput.

91 971 359 1025 Campestres
388 975 538 1013 melius
569 974 774 1026 Scythae,

144 1025 341 1085 Quorum
368 1027 555 1080 plaustra
591 1041 713 1081 vagas
746 1027 828 1066 rite
854 1026 1026 1067 trahunt
1051 1026 1228 1078 domos,

89 1076 271 1127 Vivant,
303 1087 345 1118 et
371 1080 497 1132 rigidi
526 1080 680 1119 Getae:

142 1131 357 1170 Immetata
381 1132 532 1186 quibus
559 1132 708 1185 iugera
736 1131 890 1171 liberas

88 1183 254 1236 Fruges
284 1192 327 1223 et
356 1184 559 1223 Cererem
584 1185 752 1234 ferunt,

140 1237 230 1275 Nec
258 1237 422 1275 cultura
450 1237 589 1290 placet
618 1237 787 1290 longior
816 1251 969 1288 annua,

87 1288 437 1344 Defunctumque
466 1289 680 1329 laboribus

143 1342 324 1396 Aequali
352 1351 521 1382 recreat
547 1351 663 1382 sorte
695 1344 890 1384 vicarius.

87 1393 176 1433 Illic
203 1404 336 1435 matre
366 1396 604 1435 carentibus

141 1448 350 1501 Privignis
375 1449 527 1488 mulier
553 1457 766 1502 temperat
791 1450 1015 1502 innocens3

88 1502 176 1540 Nec
206 1501 349 1541 dotata
375 1502 487 1555 regit
516 1502 651 1541 virum

143 1554 328 1604 Coniux,
356 1568 434 1594 nec
463 1554 594 1594 nitido
625 1554 716 1594 fidit
745 1554 961 1596 adultero:

87 1606 177 1645 Dos
207 1616 271 1647 est
295 1621 446 1661 magna
471 1609 710 1660 parentium

142 1660 310 1710 Virtus,
340 1669 384 1700 et
409 1669 600 1700 metuens
630 1661 802 1702 alterius
829 1662 910 1703 viri

89 1712 220 1751 Certo
253 1712 434 1753 foedere
461 1714 649 1765 castitas,

138 1766 195 1805 Et
225 1779 406 1819 peccare
435 1766 581 1818 nefas,
610 1776 682 1807 aut
706 1769 892 1822 pretium
925 1771 1069 1810 emori.

88 1818 130 1859 Ο
160 1819 347 1874 quisquis
374 1820 493 1859 volet
521 1821 667 1874 impias

142 1872 304 1912 Caedes
334 1881 377 1912 et
404 1872 564 1912 rabiem
593 1874 748 1914 tollere
777 1875 976 1927 civicam,

87 1924 132 1964 Si
159 1934 336 1980 quaeret
362 1927 491 1965 Pater
519 1926 708 1977 urbium,

139 1978 356 2019 Subscribi
383 1979 550 2031 statuis,
578 1980 822 2020 indomitam
851 1980 1004 2021 audeat

1380 1036 1437 1065 10‘

1378 1266 1424 1334 1'5

129 2118 262 2160 XXIV,
283 2131 319 2152 v.
344 2119 399 2163 24.
423 2123 580 2166 pretinm
603 2132 655 2156 est
684 2126 781 2157 mori
811 2126 977 2170 plerique
1010 2121 1126 2154 Codd.
1148 2119 1299 2164 pretium
1323 2123 1419 2155 mori

85 2163 224 2207 aliquot
247 2165 343 2209 apud
367 2166 488 2199 Bentl.
521 2169 602 2210 alii,
622 2179 711 2213 pret.
737 2172 859 2203 emori.
887 2179 976 2202 unus
998 2166 1196 2199 Pulmanni.
1223 2164 1277 2198 Cf.
1303 2165 1415 2202 Both.

84 2208 269 2243 Annotatt.
293 2228 339 2236 —
368 2224 405 2245 v.
430 2213 485 2247 25.
514 2213 543 2245 Ο
565 2214 664 2258 ᾳιιιζς,
690 2216 769 2260 quis
796 2240 828 2249 ..
849 2207 1022 2250 civicam?
1047 2211 1167 2245 Bentl.
