1526 2404
178 227 253 271 126
624 239 664 280 Q·
682 237 869 267 nonam
895 231 1056 271 naec!

172 335 306 375 Addit
333 345 438 388 opus
464 332 589 387 pigro
618 333 756 384 rivus,
784 333 819 372 si
847 332 1003 374 decidit
1030 333 1188 386 imber,

173 390 305 428 Multa
331 388 444 427 mole
474 387 688 426 docendus
718 387 860 440 aprico
888 401 1064 441 parcere
1090 396 1225 441 prato.
1441 388 1494 429 30

174 443 318 492 Nunc,
344 455 444 495 age,
473 441 574 496 quid
603 448 792 480 nostrum
821 450 1072 480 concentum
1100 441 1278 491 dividat,
1308 440 1418 480 audi.

175 495 316 586 quem
344 503 493 534 tenues
521 495 706 534 decuere
734 502 861 548 togae
888 494 1091 549 nitidique
1112 493 1270 548 capilli,

176 550 316 606 (Luem
345 549 435 588 scis*
449 548 673 587 immunem
705 547 879 587 Cinarae
938 548 1114 587 lacuisse
1142 547 1306 601 rapaci,

174 601 531 698 guembibulum
559 600 708 656 liquidi
730 601 867 640 media
923 615 946 640 e
973 602 1068 640 luce
1095 601 1288 651 Falerni,
1492 627 1495 630 >

188 661 319 709 foena
340 655 480 695 brevis
501 656 630 706 iuvat,
653 662 696 694 et
712 668 849 708 prope
869 655 1006 699 rivum
1028 668 1198 694 somnus
1215 653 1259 692 in
1275 654 1428 707 herba3
1443 655 1498 698 35

172 713 262 750 Nec
291 709 440 748 lusisse
469 709 625 762 pudet,
654 709 729 748 sed
755 721 840 746 non
866 708 1053 747 incidere
1077 708 1236 747 ludum.

172 766 268 804 Non
294 762 387 801 istic
419 762 591 816 obliquo
621 762 744 801 oculo
774 775 868 800 mea
897 761 1119 801 commoda
1146 760 1367 816 quisquam

173 818 332 866 Limat3
360 829 445 854 non
472 817 570 855 odio
601 815 782 855 obscuro
811 828 1039 869 morsuque
1066 821 1267 855 venenat:

173 870 331 910 Rident
358 869 481 909 vicini
509 869 652 923 glebas
682 876 725 907 et
752 882 849 906 saxa
874 877 1130 908 moventem.

176 926 283 964 Cum
312 922 444 961 servis
475 923 632 962 urbana
661 921 790 961 diaria
816 921 972 961 rodere
1000 922 1153 972 mavis3
1446 924 1500 967 40

173 980 342 1017 Horum
371 983 420 1014 tu
446 976 488 1015 in
515 989 736 1016 numerum
763 983 864 1015 voto
892 975 991 1014 ruis.
1046 974 1210 1016 Invidet
1237 987 1360 1013 usum

173 1032 406 1085 Lignorum
431 1038 472 1068 et
497 1030 665 1083 pecoris
693 1029 769 1068 tibi
797 1028 888 1068 calo
919 1037 1113 1082 argutus,
1143 1036 1186 1068 et
1212 1024 1339 1066 horti.

175 1084 308 1137 Optat
335 1082 534 1136 ephippia
557 1083 634 1123 bos
665 1082 710 1137 pi
743 1095 811 1131 er,
842 1089 959 1134 optat
987 1096 1105 1122 arare
1134 1081 1330 1120 caballus.

176 1138 316 1200 Quam
345 1136 422 1175 scit
449 1145 653 1192 uterque,
683 1136 709 1175 1·
745 1149 840 1186 ens,
868 1136 1075 1189 censebo,
1104 1142 1300 1176 exerceat
1324 1141 1470 1174 artem.

672 1334 885 1377 EP1sT0LA
911 1322 1002 1365 XV.

511 1423 591 1462 AD
619 1423 919 1464 NUMONIUM
948 1422 1159 1466 VALAM.

240 1515 403 1549 Horatius
428 1513 539 1553 Baiis,
571 1512 631 1543 ubi
659 1513 865 1546 valetudinis
894 1524 996 1546 causa
1020 1513 1324 1554 commorabatur,
1358 1510 1497 1544 Veliam

179 1568 213 1596 et
237 1562 419 1594 Salernum
443 1560 574 1598 iturus,
612 1569 653 1590 ex
677 1560 790 1591 amieo
818 1559 862 1591 de
886 1559 1068 1602 utriusque
1094 1559 1246 1601 regionis
1275 1558 1400 1598 coelo,
1435 1567 1499 1589 co-

178 1608 256 1651 pia,
293 1614 398 1649 aqua,
435 1604 572 1636 curiose
604 1605 757 1646 quaerit,
794 1616 874 1637 cuin
914 1603 962 1636 ibi
987 1605 1090 1647 genio
1116 1604 1299 1647 indulgere
1325 1607 1360 1635 et
1380 1607 1498 1634 eutem

177 1653 269 1685 bene
293 1661 415 1684 cui-arc
442 1649 507 1680 sibi
536 1650 786 1692 proposuisset.
813 1650 932 1690 (Vffl-s.
958 1654 979 1681 l
998 1651 1140 1691 —25.).
1166 1649 1282 1692 Atque
1307 1658 1387 1681 cum
1412 1646 1496 1678 alias

177 1704 320 1730 tenuem
336 1697 472 1727 victum
503 1704 640 1736 scinpcl·
675 1695 922 1727 commendare
949 1701 981 1727 et
1006 1695 1043 1726 in
1067 1695 1146 1725 villa
1171 1705 1232 1725 sua
1266 1689 1370 1726 etiam
1393 1701 1496 1727 usur·

178 1754 264 1787 pai-c
288 1742 438 1778 soleret,
465 1751 501 1771 sc
530 1739 601 1783 ispe
624 1739 734 1783 ridet,
760 1740 819 1784 qui
843 1751 936 1772 nunc
963 1739 1023 1772 has
1050 1739 1193 1772 delicias
1219 1738 1347 1784 captet.
1373 1737 1496 1779 (Vers.

177 1792 226 1820 26·
248 1798 357 1832 usque
383 1784 533 1830 mlsitz.)
1191 1783 1196 1789 '

181 1862 302 1915 Quae
330 1861 382 1900 sit
409 1859 541 1900 hiems
570 1861 738 1912 Veliae,
766 1862 882 1916 quod
911 1861 1100 1911 coelum,
1127 1859 1232 1902 Vala
1258 1856 1442 1906 Salerni,

181 1918 375 1972 Quorum
395 1913 609 1953 hominum
630 1915 773 1968 regio,
799 1924 841 1954 et
863 1916 993 1970 qualis
1017 1915 1104 1964 via3
1129 1914 1242 1964 (nam
1258 1908 1494 1951 mihiBaias

179 1972 297 2008 Musa
322 1981 603 2020 supervacuas
637 1969 863 2019 Antonius,
891 1977 933 2008 et
958 1977 1097 2007 tamen
1126 1965 1204 2005 illis

179 2023 250 2062 Me
277 2021 378 2060 facit
404 2020 605 2074 invisum,
635 2022 773 2075 gelida
800 2036 929 2077 quum
956 2021 1132 2075 perluor
1159 2017 1269 2058 unda

180 2208 228 2216 —
247 2201 284 2222 v.
309 2188 364 2232 34.
391 2190 489 2221 Hunc
513 2200 649 2221 versum
674 2193 753 2233 post
775 2199 862 2221 vers.
899 2190 941 2222 32
965 2162 1215 2222 collocandum,
1247 2190 1366 2218 censet
1389 2182 1491 2217 Both.

182 2235 239 2268 Cf.
262 2234 357 2266 Iahn.
382 2254 426 2261 —
447 2246 483 2266 v.
512 2233 565 2276 43.
592 2234 675 2274 hos,
696 2235 802 2279 piger·
825 2234 1037 2278 interpungit
1060 2234 1173 2266 Bentl.
1200 2231 1254 2265 Cf.
1278 2231 1359 2263 Fea.

250 2296 335 2338 XV,
359 2307 395 2328 v.
419 2303 459 2335 4..4
476 2293 653 2340 pervehet·
677 2292 776 2327 unda
799 2293 914 2327 Codd.
940 2293 1010 2327 duo
1036 2295 1200 2328 Torrent.
1226 2292 1280 2325 Cf.
1302 2293 1383 2326 Fea.
