1526 2404
95 182 149 230 94
575 187 614 227 Q·
636 186 820 229 nonu-31
839 186 996 213 rtaccx

97 286 332 335 Cerberus,
365 282 553 340 quamvis
581 282 733 322 furiale
774 291 943 323 centum

92 339 278 379 Muniant
306 350 463 391 angues
493 343 619 389 caput
650 337 763 387 eius,
790 345 918 392 atque
976 354 979 356 ·

95 393 274 447 Spiritus
302 400 414 432 teter
442 390 663 444 saniesque
691 398 833 430 manet

520 442 610 484 Ore
645 443 845 498 trilingui.

92 519 282 612 guinet
307 520 424 560 Ixion
452 519 685 573 Tityosque
715 521 834 560 vultu

133 574 200 613 isit
227 574 380 625 invit03
410 573 525 613 stetit
551 588 655 612 urna
683 576 855 628 paulum

93 627 236 678 Sicca,
267 628 367 667 dum
396 635 516 681 grato
546 628 678 666 Danai
705 629 868 681 puellas

516 680 709 721 Carmine
736 682 910 721 mulces.

90 756 245 795 Audiat
271 756 388 810 Lyde
417 757 554 796 scelus
592 765 719 812 atque
755 765 875 796 notas

90 809 312 861 Virginum
339 823 519 864 poenas,
550 818 593 850 et
622 811 743 850 inane
781 809 976 864 lymphae

89 863 262 903 Dolium
288 863 423 903 fundo
440 865 667 918 pereuntis
703 864 812 914 imo,

515 918 705 973 Seraque
734 917 843 967 fata,

89 989 211 1052 Quae
238 1002 406 1033 manent
432 995 574 1048 culpas
605 992 730 1034 etiam
760 991 838 1032 sub
867 993 998 1034 OrcO.

88 1044 265 1106 1¹¹¹P32102
294 1070 348 1075 -—
376 1061 471 1086 nam
500 1047 601 1102 quid
629 1055 810 1101 potue-re
839 1046 1002 1087 maius?
1028 1069 1082 1078 —-
1123 1036 1126 1038 v

48 1102 52 1105 '
87 1098 243 1150 Impiae
272 1112 449 1154 sponsos
477 1109 657 1154 potuere
688 1099 795 1138 duro

512 1153 704 1192 Perdere
731 1152 874 1195 ferro!

89 1225 180 1264 Una
210 1225 263 1266 de
292 1229 455 1279 multis,
484 1229 579 1269 face
613 1228 789 1282 nuptiali

86 1278 246 1332 Digna,
309 1283 493 1321 eriurum
522 1283 603 1322 fuit
629 1282 671 1321 in
697 1289 918 1335 parentem

87 1331 261 1386 Spleudi
294 1347 317 1373 e
345 1337 544 1385 mendax,
574 1344 616 1375 et
644 1335 686 1374 in
715 1349 837 1374 omne
867 1336 988 1391 virgo

508 1388 668 1429 Nobilis
698 1402 860 1428 aevum.

76 1461 248 1515 Surge,
278 1478 386 1517 quae
416 1465 518 1503 dixit
546 1465 689 1504 iuveni
717 1465 894 1513 marito,

88 1514 247 1569 Surge,
275 1531 327 1556 ne
356 1519 506 1571 longus
536 1518 611 1558 tibi
639 1532 830 1568 somnus,
859 1517 971 1556 unde

85 1569 180 1608 Nou
207 1569 350 1621 times,
381 1571 528 1621 detur3
558 1585 754 1611 socerum
784 1580 827 1611 et
856 1571 1053 1612 scelestas

511 1625 628 1664 Falle
658 1639 854 1675 sorores,

85 1695 230 1757 Quae,
260 1698 376 1737 velut
404 1706 549 1738 nactae
580 1701 733 1742 vitulos
770 1702 967 1752 leaenae,

85 1750 305 1803 Singulos,
336 1751 466 1791 eheu!
496 1753 693 1795 lacerant.
718 1757 812 1810 Ego
842 1755 922 1794 illis

83 1804 275 1854 Mollior,
307 1818 386 1844 nec
413 1814 456 1845 te
484 1805 657 1858 feriam,
685 1823 823 1864 neque
857 1809 966 1847 intra

511 1860 703 1901 Claustra
714 1862 888 1902 tenebo.

88 1933 158 1971 Me
185 1940 306 1985 pater
327 1933 460 1973 saevis
481 1940 630 1974 one'ret
654 1935 808 1973 catenis
822 1966 832 1985 ,

89 1985 218 2037 Quod
251 1986 343 2026 viro
374 1987 556 2027 clemens
585 1989 739 2027 misero
769 1989 966 2042 peperci:

82 2039 152 2079 Me
186 2039 256 2079 Vel
283 2047 494 2080 extremos
525 2041 800 2080 Numidarum
829 2043 871 2081 in
901 2056 1026 2096 agros

508 2095 651 2134 Classe
681 2095 862 2149 releget.

1379 457 1433 485 20

1378 757 1431 797 25

1376 1047 1430 1088 30

1369 1335 1424 1376 35

151 2207 181 2229 v.
201 2198 256 2231 3ο.
282 2196 353 2228 Pro
378 2206 459 2227 nam
486 2200 540 2228 est
565 2206 648 2227 num
674 2195 708 2226 in
727 2206 800 2227 uno
828 2193 924 2232 Cod.
946 2195 1066 2231 Bentl.
1092 2199 1131 2231 et
1158 2194 1258 2232 Coll.
1281 2194 1413 2232 Saron.

81 2255 128 2264 ·-·
150 2253 182 2277 v.
208 2240 264 2286 43.
288 2242 358 2274 Alii
382 2251 445 2274 nec
468 2241 565 2273 intra
592 2239 649 2277 Cf.
673 2239 794 2276 Bentl.
817 2259 863 2268 -.
