<?xml version="1.0" encoding="UTF-8"?>
<!DOCTYPE html PUBLIC "-//W3C//DTD XHTML 1.0 Transitional//EN"
    "http://www.w3.org/TR/xhtml1/DTD/xhtml1-transitional.dtd">
<html xmlns="http://www.w3.org/1999/xhtml" xml:lang="en" lang="en">
 <head>
  <title>
</title>
<meta http-equiv="Content-Type" content="text/html;charset=utf-8" />
  <meta name='ocr-system' content='tesseract 3.04.00' />
  <meta name='ocr-capabilities' content='ocr_page ocr_carea ocr_par ocr_line ocrx_word'/>
</head>
<body>
  <div class='ocr_page' id='page_1' title='image "./operaomnia01horauoft_0287.png"; bbox 0 0 1526 2404; ppageno 0'>
   <div class='ocr_carea' id='block_1_1' title="bbox 487 176 1385 222">
    <p class='ocr_par' dir='ltr' id='par_1_1' title="bbox 487 176 1385 222">
     <span class='ocr_line' id='line_1_1' title="bbox 487 176 1385 222; baseline -0.001 -3"><span class='ocrx_word' id='word_1_1' title='bbox 487 188 744 219; x_wconf 64' lang='lat' dir='ltr'><strong>musa-orsu.</strong></span> <span class='ocrx_word' id='word_1_2' title='bbox 771 189 859 216; x_wconf 77' lang='lat' dir='ltr'><strong>mn.</strong></span> <span class='ocrx_word' id='word_1_3' title='bbox 885 177 915 216; x_wconf 94' lang='lat'><strong>1.</strong></span> <span class='ocrx_word' id='word_1_4' title='bbox 942 176 980 218; x_wconf 89' lang='lat'><strong>6.</strong></span> <span class='ocrx_word' id='word_1_5' title='bbox 1313 192 1385 222; x_wconf 73' lang='grc' dir='ltr'><strong>ιιι</strong></span> 
     </span>
    </p>
   </div>
   <div class='ocr_carea' id='block_1_2' title="bbox 62 281 1390 1187">
    <p class='ocr_par' dir='ltr' id='par_1_2' title="bbox 62 281 1390 1187">
     <span class='ocr_line' id='line_1_2' title="bbox 66 281 1390 340; baseline 0.002 -16"><span class='ocrx_word' id='word_1_6' title='bbox 66 285 155 326; x_wconf 72' lang='grc' dir='ltr'><strong>Ῐιισὶ</strong></span> <span class='ocrx_word' id='word_1_7' title='bbox 184 285 293 336; x_wconf 82' lang='lat' dir='ltr'><strong>iam,</strong></span> <span class='ocrx_word' id='word_1_8' title='bbox 315 283 539 340; x_wconf 82' lang='lat' dir='ltr'><strong>patiarque</strong></span> <span class='ocrx_word' id='word_1_9' title='bbox 571 282 643 324; x_wconf 81' lang='lat' dir='ltr'><strong>vel</strong></span> <span class='ocrx_word' id='word_1_10' title='bbox 670 282 928 323; x_wconf 84' lang='lat' dir='ltr'><strong>inconsultus</strong></span> <span class='ocrx_word' id='word_1_11' title='bbox 956 281 1116 324; x_wconf 83' lang='lat' dir='ltr'><strong>haberi.</strong></span> <span class='ocrx_word' id='word_1_12' title='bbox 1340 284 1390 326; x_wconf 75' lang='lat'><strong>25</strong></span> 
     </span>
     <span class='ocr_line' id='line_1_3' title="bbox 112 334 1156 398; baseline -0.001 -20"><span class='ocrx_word' id='word_1_13' title='bbox 112 339 156 378; x_wconf 91' lang='lat' dir='ltr'><strong>ui</strong></span> <span class='ocrx_word' id='word_1_14' title='bbox 211 351 298 379; x_wconf 85' lang='lat' dir='ltr'><strong>non</strong></span> <span class='ocrx_word' id='word_1_15' title='bbox 325 337 505 378; x_wconf 79' lang='lat' dir='ltr'><strong>ebrietas</strong></span> <span class='ocrx_word' id='word_1_16' title='bbox 530 334 751 398; x_wconf 77' lang='lat' dir='ltr'><strong>designat?</strong></span> <span class='ocrx_word' id='word_1_17' title='bbox 779 345 928 389; x_wconf 88' lang='lat' dir='ltr'><strong>operta</strong></span> <span class='ocrx_word' id='word_1_18' title='bbox 952 337 1156 390; x_wconf 85' lang='lat' dir='ltr'><strong>recludit,</strong></span> 
     </span>
     <span class='ocr_line' id='line_1_4' title="bbox 97 390 1253 445; baseline 0 -14"><span class='ocrx_word' id='word_1_19' title='bbox 97 405 174 445; x_wconf 83' lang='lat' dir='ltr'><strong>pes</strong></span> <span class='ocrx_word' id='word_1_20' title='bbox 200 391 319 432; x_wconf 87' lang='lat' dir='ltr'><strong>iubet</strong></span> <span class='ocrx_word' id='word_1_21' title='bbox 346 405 439 431; x_wconf 85' lang='lat' dir='ltr'><strong>esse</strong></span> <span class='ocrx_word' id='word_1_22' title='bbox 466 399 599 440; x_wconf 86' lang='lat' dir='ltr'><strong>ratas,</strong></span> <span class='ocrx_word' id='word_1_23' title='bbox 627 404 669 428; x_wconf 89' lang='lat' dir='ltr'><strong>1n</strong></span> <span class='ocrx_word' id='word_1_24' title='bbox 692 391 854 442; x_wconf 87' lang='lat' dir='ltr'><strong>proelia</strong></span> <span class='ocrx_word' id='word_1_25' title='bbox 881 390 1015 429; x_wconf 85' lang='lat' dir='ltr'><strong>trudit</strong></span> <span class='ocrx_word' id='word_1_26' title='bbox 1051 391 1253 444; x_wconf 86' lang='lat' dir='ltr'><strong>inertem,</strong></span> 
     </span>
     <span class='ocr_line' id='line_1_5' title="bbox 65 442 1130 492; baseline -0.001 -8"><span class='ocrx_word' id='word_1_27' title='bbox 65 444 264 485; x_wconf 77' lang='lat' dir='ltr'>Sollicitis</span> <span class='ocrx_word' id='word_1_28' title='bbox 294 444 437 483; x_wconf 87' lang='lat' dir='ltr'><strong>animis</strong></span> <span class='ocrx_word' id='word_1_29' title='bbox 468 458 572 483; x_wconf 92' lang='lat' dir='ltr'><strong>onus</strong></span> <span class='ocrx_word' id='word_1_30' title='bbox 602 442 765 492; x_wconf 83' lang='lat' dir='ltr'>eximit,</span> <span class='ocrx_word' id='word_1_31' title='bbox 795 442 977 482; x_wconf 85' lang='lat' dir='ltr'><strong>addocet</strong></span> <span class='ocrx_word' id='word_1_32' title='bbox 1005 452 1130 483; x_wconf 88' lang='lat' dir='ltr'><strong>artes.</strong></span> 
     </span>
     <span class='ocr_line' id='line_1_6' title="bbox 63 495 1135 552; baseline -0.001 -15"><span class='ocrx_word' id='word_1_33' title='bbox 63 498 100 537; x_wconf 92' lang='lat' dir='ltr'><strong>F</strong></span> <span class='ocrx_word' id='word_1_34' title='bbox 103 498 254 537; x_wconf 88' lang='lat' dir='ltr'><strong>ecundi</strong></span> <span class='ocrx_word' id='word_1_35' title='bbox 283 497 434 537; x_wconf 86' lang='lat' dir='ltr'><strong>calices</strong></span> <span class='ocrx_word' id='word_1_36' title='bbox 463 510 590 552; x_wconf 84' lang='lat' dir='ltr'><strong>quem</strong></span> <span class='ocrx_word' id='word_1_37' title='bbox 617 509 701 535; x_wconf 91' lang='lat' dir='ltr'><strong>non</strong></span> <span class='ocrx_word' id='word_1_38' title='bbox 726 495 873 535; x_wconf 87' lang='lat' dir='ltr'><strong>fecere</strong></span> <span class='ocrx_word' id='word_1_39' title='bbox 901 497 1135 536; x_wconf 84' lang='lat' dir='ltr'><strong>disertum?</strong></span> 
     </span>
     <span class='ocr_line' id='line_1_7' title="bbox 66 548 1388 604; baseline 0.001 -14"><span class='ocrx_word' id='word_1_40' title='bbox 66 548 307 591; x_wconf 56' lang='lat' dir='ltr'><strong>Contract?</strong></span> <span class='ocrx_word' id='word_1_41' title='bbox 320 563 447 604; x_wconf 88' lang='lat' dir='ltr'><strong>quem</strong></span> <span class='ocrx_word' id='word_1_42' title='bbox 470 564 555 589; x_wconf 91' lang='lat' dir='ltr'><strong>non</strong></span> <span class='ocrx_word' id='word_1_43' title='bbox 580 549 623 588; x_wconf 86' lang='lat' dir='ltr'><strong>in</strong></span> <span class='ocrx_word' id='word_1_44' title='bbox 649 557 899 603; x_wconf 85' lang='lat' dir='ltr'><strong>paupertate</strong></span> <span class='ocrx_word' id='word_1_45' title='bbox 927 549 1142 590; x_wconf 87' lang='lat' dir='ltr'><strong>solutum?</strong></span> <span class='ocrx_word' id='word_1_46' title='bbox 1335 563 1388 594; x_wconf 78' lang='lat'><strong>20</strong></span> 
     </span>
     <span class='ocr_line' id='line_1_8' title="bbox 63 602 1257 657; baseline 0.003 -15"><span class='ocrx_word' id='word_1_47' title='bbox 63 605 183 644; x_wconf 89' lang='lat' dir='ltr'><strong>Haec</strong></span> <span class='ocrx_word' id='word_1_48' title='bbox 213 616 294 657; x_wconf 85' lang='lat' dir='ltr'><strong>ego</strong></span> <span class='ocrx_word' id='word_1_49' title='bbox 321 615 557 657; x_wconf 85' lang='lat' dir='ltr'><strong>procurare</strong></span> <span class='ocrx_word' id='word_1_50' title='bbox 586 610 628 642; x_wconf 87' lang='lat' dir='ltr'><strong>et</strong></span> <span class='ocrx_word' id='word_1_51' title='bbox 653 602 829 641; x_wconf 87' lang='lat' dir='ltr'><strong>idoneus</strong></span> <span class='ocrx_word' id='word_1_52' title='bbox 862 603 1072 656; x_wconf 86' lang='lat' dir='ltr'><strong>imperor,</strong></span> <span class='ocrx_word' id='word_1_53' title='bbox 1103 613 1146 644; x_wconf 88' lang='lat' dir='ltr'><strong>et</strong></span> <span class='ocrx_word' id='word_1_54' title='bbox 1171 619 1257 645; x_wconf 89' lang='lat' dir='ltr'><strong>non</strong></span> 
     </span>
     <span class='ocr_line' id='line_1_9' title="bbox 62 655 1099 713; baseline 0.001 -18"><span class='ocrx_word' id='word_1_55' title='bbox 62 657 244 707; x_wconf 68' lang='lat' dir='ltr'><strong>lavim,</strong></span> <span class='ocrx_word' id='word_1_56' title='bbox 274 669 329 694; x_wconf 93' lang='lat' dir='ltr'><strong>ne</strong></span> <span class='ocrx_word' id='word_1_57' title='bbox 358 663 482 710; x_wconf 83' lang='lat' dir='ltr'><strong>turpe</strong></span> <span class='ocrx_word' id='word_1_58' title='bbox 509 655 644 706; x_wconf 86' lang='lat' dir='ltr'><strong>toral,</strong></span> <span class='ocrx_word' id='word_1_59' title='bbox 670 669 724 695; x_wconf 92' lang='lat' dir='ltr'><strong>ne</strong></span> <span class='ocrx_word' id='word_1_60' title='bbox 751 655 921 695; x_wconf 86' lang='lat' dir='ltr'><strong>sordida</strong></span> <span class='ocrx_word' id='word_1_61' title='bbox 947 669 1099 713; x_wconf 83' lang='lat' dir='ltr'>mappa</span> 
     </span>
     <span class='ocr_line' id='line_1_10' title="bbox 65 708 1150 760; baseline 0 -11"><span class='ocrx_word' id='word_1_62' title='bbox 65 709 204 750; x_wconf 90' lang='lat' dir='ltr'><strong>Corru</strong></span> <span class='ocrx_word' id='word_1_63' title='bbox 237 717 280 748; x_wconf 88' lang='lat' dir='ltr'><strong>et</strong></span> <span class='ocrx_word' id='word_1_64' title='bbox 306 721 427 748; x_wconf 88' lang='lat' dir='ltr'><strong>nares</strong></span> <span class='ocrx_word' id='word_1_65' title='bbox 435 723 449 760; x_wconf 82' lang='lat'><em>3</em></span> <span class='ocrx_word' id='word_1_66' title='bbox 478 722 532 749; x_wconf 91' lang='lat' dir='ltr'><strong>ne</strong></span> <span class='ocrx_word' id='word_1_67' title='bbox 559 722 643 748; x_wconf 92' lang='lat' dir='ltr'><strong>non</strong></span> <span class='ocrx_word' id='word_1_68' title='bbox 664 717 707 748; x_wconf 90' lang='lat' dir='ltr'><strong>et</strong></span> <span class='ocrx_word' id='word_1_69' title='bbox 734 708 954 748; x_wconf 85' lang='lat' dir='ltr'><strong>cantharus</strong></span> <span class='ocrx_word' id='word_1_70' title='bbox 983 718 1026 748; x_wconf 90' lang='lat' dir='ltr'><strong>et</strong></span> <span class='ocrx_word' id='word_1_71' title='bbox 1053 710 1150 750; x_wconf 85' lang='lat' dir='ltr'><strong>lanx</strong></span> 
     </span>
     <span class='ocr_line' id='line_1_11' title="bbox 66 761 1005 813; baseline -0.001 -11"><span class='ocrx_word' id='word_1_72' title='bbox 66 761 203 802; x_wconf 82' lang='lat' dir='ltr'><strong>osten</strong></span> <span class='ocrx_word' id='word_1_73' title='bbox 233 769 275 800; x_wconf 84' lang='lat' dir='ltr'><strong>at</strong></span> <span class='ocrx_word' id='word_1_74' title='bbox 300 761 379 800; x_wconf 86' lang='lat' dir='ltr'><strong>tibi</strong></span> <span class='ocrx_word' id='word_1_75' title='bbox 403 770 468 813; x_wconf 87' lang='lat' dir='ltr'><strong>te3</strong></span> <span class='ocrx_word' id='word_1_76' title='bbox 497 776 552 802; x_wconf 89' lang='lat' dir='ltr'><strong>ne</strong></span> <span class='ocrx_word' id='word_1_77' title='bbox 579 761 686 801; x_wconf 86' lang='lat' dir='ltr'><strong>fidos</strong></span> <span class='ocrx_word' id='word_1_78' title='bbox 713 762 823 801; x_wconf 86' lang='lat' dir='ltr'><strong>inter</strong></span> <span class='ocrx_word' id='word_1_79' title='bbox 852 763 1005 802; x_wconf 88' lang='lat' dir='ltr'><strong>amicos</strong></span> 
     </span>
     <span class='ocr_line' id='line_1_12' title="bbox 66 813 1390 869; baseline 0.003 -15"><span class='ocrx_word' id='word_1_80' title='bbox 66 815 152 865; x_wconf 85' lang='lat' dir='ltr'><strong>Sit,</strong></span> <span class='ocrx_word' id='word_1_81' title='bbox 181 813 254 869; x_wconf 87' lang='lat' dir='ltr'><strong>qui</strong></span> <span class='ocrx_word' id='word_1_82' title='bbox 279 813 390 864; x_wconf 77' lang='lat' dir='ltr'><strong>dicta</strong></span> <span class='ocrx_word' id='word_1_83' title='bbox 417 815 533 855; x_wconf 83' lang='lat' dir='ltr'><strong>foras</strong></span> <span class='ocrx_word' id='word_1_84' title='bbox 562 815 769 866; x_wconf 80' lang='lat' dir='ltr'><strong>eliminet3</strong></span> <span class='ocrx_word' id='word_1_85' title='bbox 802 823 849 854; x_wconf 87' lang='lat' dir='ltr'><strong>ut</strong></span> <span class='ocrx_word' id='word_1_86' title='bbox 876 818 998 855; x_wconf 60' lang='lat' dir='ltr'><strong>coeat</strong></span> <span class='ocrx_word' id='word_1_87' title='bbox 1026 830 1106 869; x_wconf 85' lang='lat' dir='ltr'><strong>par</strong></span> <span class='ocrx_word' id='word_1_88' title='bbox 1336 816 1390 859; x_wconf 79' lang='lat'><strong>25</strong></span> 
     </span>
     <span class='ocr_line' id='line_1_13' title="bbox 65 868 1163 931; baseline 0.003 -25"><span class='ocrx_word' id='word_1_89' title='bbox 65 869 356 921; x_wconf 83' lang='lat' dir='ltr'><strong>Iungaturque</strong></span> <span class='ocrx_word' id='word_1_90' title='bbox 382 869 486 922; x_wconf 87' lang='lat' dir='ltr'><strong>pari.</strong></span> <span class='ocrx_word' id='word_1_91' title='bbox 515 870 690 907; x_wconf 84' lang='lat' dir='ltr'><strong>Butram</strong></span> <span class='ocrx_word' id='word_1_92' title='bbox 717 868 794 907; x_wconf 85' lang='lat' dir='ltr'><strong>tibi</strong></span> <span class='ocrx_word' id='word_1_93' title='bbox 825 868 1163 931; x_wconf 76' lang='lat' dir='ltr'>Septiciumque,</span> 
     </span>
     <span class='ocr_line' id='line_1_14' title="bbox 65 919 1218 976; baseline 0 -16"><span class='ocrx_word' id='word_1_94' title='bbox 65 922 123 960; x_wconf 88' lang='lat' dir='ltr'><strong>Et</strong></span> <span class='ocrx_word' id='word_1_95' title='bbox 149 919 227 958; x_wconf 86' lang='lat' dir='ltr'><strong>nisi</strong></span> <span class='ocrx_word' id='word_1_96' title='bbox 256 932 387 960; x_wconf 83' lang='lat' dir='ltr'><strong>coena</strong></span> <span class='ocrx_word' id='word_1_97' title='bbox 414 921 533 974; x_wconf 83' lang='lat' dir='ltr'><strong>prior</strong></span> <span class='ocrx_word' id='word_1_98' title='bbox 560 921 789 976; x_wconf 87' lang='lat' dir='ltr'><strong>potiorque</strong></span> <span class='ocrx_word' id='word_1_99' title='bbox 816 922 959 974; x_wconf 89' lang='lat' dir='ltr'><strong>puella</strong></span> <span class='ocrx_word' id='word_1_100' title='bbox 989 922 1187 963; x_wconf 86' lang='lat' dir='ltr'><strong>Sabmum</strong></span> <span class='ocrx_word' id='word_1_101' title='bbox 1215 957 1218 960; x_wconf 83' lang='lat'><strong>.</strong></span> 
     </span>
     <span class='ocr_line' id='line_1_15' title="bbox 64 973 1271 1028; baseline 0.003 -16"><span class='ocrx_word' id='word_1_102' title='bbox 64 973 262 1022; x_wconf 82' lang='lat' dir='ltr'><strong>Detinet,</strong></span> <span class='ocrx_word' id='word_1_103' title='bbox 290 986 506 1013; x_wconf 83' lang='lat' dir='ltr'><strong>assumam.</strong></span> <span class='ocrx_word' id='word_1_104' title='bbox 538 976 678 1013; x_wconf 91' lang='lat' dir='ltr'><strong>Locus</strong></span> <span class='ocrx_word' id='word_1_105' title='bbox 708 983 772 1014; x_wconf 85' lang='lat' dir='ltr'><strong>est</strong></span> <span class='ocrx_word' id='word_1_106' title='bbox 801 982 843 1013; x_wconf 88' lang='lat' dir='ltr'><strong>et</strong></span> <span class='ocrx_word' id='word_1_107' title='bbox 869 974 1060 1028; x_wconf 85' lang='lat' dir='ltr'><strong>pluribus</strong></span> <span class='ocrx_word' id='word_1_108' title='bbox 1090 976 1247 1016; x_wconf 83' lang='lat' dir='ltr'><strong>umbris</strong></span> <span class='ocrx_word' id='word_1_109' title='bbox 1257 990 1271 1028; x_wconf 86' lang='lat'><em>3</em></span> 
     </span>
     <span class='ocr_line' id='line_1_16' title="bbox 65 1025 1244 1084; baseline 0.003 -19"><span class='ocrx_word' id='word_1_110' title='bbox 65 1025 154 1065; x_wconf 81' lang='lat' dir='ltr'><strong>Sed</strong></span> <span class='ocrx_word' id='word_1_111' title='bbox 179 1025 298 1064; x_wconf 86' lang='lat' dir='ltr'><strong>nimis</strong></span> <span class='ocrx_word' id='word_1_112' title='bbox 328 1035 442 1066; x_wconf 85' lang='lat' dir='ltr'><strong>arcta</strong></span> <span class='ocrx_word' id='word_1_113' title='bbox 468 1036 665 1080; x_wconf 88' lang='lat' dir='ltr'><strong>premunt</strong></span> <span class='ocrx_word' id='word_1_114' title='bbox 694 1027 831 1067; x_wconf 84' lang='lat' dir='ltr'><strong>olidae</strong></span> <span class='ocrx_word' id='word_1_115' title='bbox 861 1028 1052 1068; x_wconf 79' lang='lat' dir='ltr'><strong>convivia</strong></span> <span class='ocrx_word' id='word_1_116' title='bbox 1079 1042 1244 1084; x_wconf 84' lang='lat' dir='ltr'><strong>caprae.</strong></span> 
     </span>
     <span class='ocr_line' id='line_1_17' title="bbox 66 1080 1390 1133; baseline 0.005 -16"><span class='ocrx_word' id='word_1_117' title='bbox 66 1081 153 1128; x_wconf 88' lang='lat' dir='ltr'><strong>Tu,</strong></span> <span class='ocrx_word' id='word_1_118' title='bbox 181 1085 335 1133; x_wconf 88' lang='lat' dir='ltr'><strong>quotus</strong></span> <span class='ocrx_word' id='word_1_119' title='bbox 366 1093 458 1120; x_wconf 84' lang='lat' dir='ltr'><strong>esse</strong></span> <span class='ocrx_word' id='word_1_120' title='bbox 478 1080 612 1130; x_wconf 60' lang='lat' dir='ltr'><strong>melis,</strong></span> <span class='ocrx_word' id='word_1_121' title='bbox 640 1080 852 1130; x_wconf 82' lang='lat' dir='ltr'><strong>rescribe,</strong></span> <span class='ocrx_word' id='word_1_122' title='bbox 882 1089 925 1120; x_wconf 83' lang='lat' dir='ltr'><strong>et</strong></span> <span class='ocrx_word' id='word_1_123' title='bbox 953 1082 1081 1122; x_wconf 87' lang='lat' dir='ltr'><strong>rebus</strong></span> <span class='ocrx_word' id='word_1_124' title='bbox 1120 1083 1283 1123; x_wconf 86' lang='lat' dir='ltr'><strong>omissis</strong></span> <span class='ocrx_word' id='word_1_125' title='bbox 1334 1084 1390 1125; x_wconf 84' lang='lat'><strong>30</strong></span> 
     </span>
     <span class='ocr_line' id='line_1_18' title="bbox 66 1131 1016 1187; baseline 0.002 -15"><span class='ocrx_word' id='word_1_126' title='bbox 66 1131 187 1172; x_wconf 77' lang='lat' dir='ltr'><strong>Atria</strong></span> <span class='ocrx_word' id='word_1_127' title='bbox 211 1141 450 1173; x_wconf 86' lang='lat' dir='ltr'><strong>servantem</strong></span> <span class='ocrx_word' id='word_1_128' title='bbox 478 1133 643 1187; x_wconf 88' lang='lat' dir='ltr'><strong>postico</strong></span> <span class='ocrx_word' id='word_1_129' title='bbox 672 1133 774 1173; x_wconf 79' lang='lat' dir='ltr'><strong>falle</strong></span> <span class='ocrx_word' id='word_1_130' title='bbox 810 1133 1016 1175; x_wconf 90' lang='lat' dir='ltr'><strong>clientem.</strong></span> 
     </span>
    </p>
   </div>
   <div class='ocr_carea' id='block_1_3' title="bbox 462 1322 965 1452">
    <p class='ocr_par' dir='ltr' id='par_1_3' title="bbox 462 1322 965 1452">
     <span class='ocr_line' id='line_1_19' title="bbox 559 1322 887 1365; baseline 0.012 -6"><span class='ocrx_word' id='word_1_131' title='bbox 559 1333 774 1361; x_wconf 70' lang='lat' dir='ltr'><strong>ErisroLA</strong></span> <span class='ocrx_word' id='word_1_132' title='bbox 811 1322 887 1365; x_wconf 78' lang='lat' dir='ltr'><strong>VI.</strong></span> 
     </span>
     <span class='ocr_line' id='line_1_20' title="bbox 462 1408 965 1452; baseline -0.006 0"><span class='ocrx_word' id='word_1_133' title='bbox 462 1408 574 1452; x_wconf 14' lang='lat' dir='ltr'><strong>*AD</strong></span> <span class='ocrx_word' id='word_1_134' title='bbox 617 1411 965 1451; x_wconf 80' lang='lat' dir='ltr'><strong>NUMICIUM.</strong></span> 
     </span>
    </p>
   </div>
   <div class='ocr_carea' id='block_1_4' title="bbox 67 1506 1394 2047">
    <p class='ocr_par' dir='ltr' id='par_1_4' title="bbox 67 1506 1394 1910">
     <span class='ocr_line' id='line_1_21' title="bbox 157 1506 1391 1552; baseline 0.002 -12"><span class='ocrx_word' id='word_1_135' title='bbox 157 1506 309 1541; x_wconf 77' lang='lat' dir='ltr'><strong>Gentem</strong></span> <span class='ocrx_word' id='word_1_136' title='bbox 333 1508 532 1541; x_wconf 84' lang='lat' dir='ltr'><strong>Numieiam</strong></span> <span class='ocrx_word' id='word_1_137' title='bbox 565 1509 697 1542; x_wconf 83' lang='lat' dir='ltr'><strong>Romae</strong></span> <span class='ocrx_word' id='word_1_138' title='bbox 728 1510 887 1543; x_wconf 83' lang='lat' dir='ltr'><strong>floruisse</strong></span> <span class='ocrx_word' id='word_1_139' title='bbox 913 1516 1051 1544; x_wconf 87' lang='lat' dir='ltr'><strong>certum</strong></span> <span class='ocrx_word' id='word_1_140' title='bbox 1082 1516 1149 1552; x_wconf 78' lang='lat' dir='ltr'><strong>est,</strong></span> <span class='ocrx_word' id='word_1_141' title='bbox 1185 1523 1265 1544; x_wconf 90' lang='lat' dir='ltr'><strong>cum</strong></span> <span class='ocrx_word' id='word_1_142' title='bbox 1290 1512 1391 1543; x_wconf 84' lang='lat' dir='ltr'><strong>Titus</strong></span> 
     </span>
     <span class='ocr_line' id='line_1_22' title="bbox 67 1551 1391 1588; baseline 0.002 -3"><span class='ocrx_word' id='word_1_143' title='bbox 67 1551 249 1585; x_wconf 80' lang='lat' dir='ltr'><strong>Numicius</strong></span> <span class='ocrx_word' id='word_1_144' title='bbox 274 1553 412 1585; x_wconf 85' lang='lat' dir='ltr'>Priscus</span> <span class='ocrx_word' id='word_1_145' title='bbox 444 1555 524 1585; x_wconf 84' lang='lat' dir='ltr'><strong>anni</strong></span> <span class='ocrx_word' id='word_1_146' title='bbox 554 1554 598 1586; x_wconf 88' lang='lat' dir='ltr'><strong>U.</strong></span> <span class='ocrx_word' id='word_1_147' title='bbox 626 1555 665 1586; x_wconf 91' lang='lat' dir='ltr'><strong>C.</strong></span> <span class='ocrx_word' id='word_1_148' title='bbox 690 1555 755 1588; x_wconf 86' lang='lat'><strong>285</strong></span> <span class='ocrx_word' id='word_1_149' title='bbox 784 1556 917 1588; x_wconf 85' lang='lat' dir='ltr'><strong>Consul</strong></span> <span class='ocrx_word' id='word_1_150' title='bbox 951 1561 983 1588; x_wconf 87' lang='lat' dir='ltr'><strong>et</strong></span> <span class='ocrx_word' id='word_1_151' title='bbox 1008 1557 1189 1588; x_wconf 76' lang='lat' dir='ltr'><strong>Numicius</strong></span> <span class='ocrx_word' id='word_1_152' title='bbox 1215 1556 1391 1588; x_wconf 88' lang='lat' dir='ltr'><strong>Thermus</strong></span> 
     </span>
     <span class='ocr_line' id='line_1_23' title="bbox 68 1596 1394 1643; baseline 0.003 -15"><span class='ocrx_word' id='word_1_153' title='bbox 68 1596 134 1629; x_wconf 88' lang='lat' dir='ltr'><strong>sub</strong></span> <span class='ocrx_word' id='word_1_154' title='bbox 149 1597 292 1629; x_wconf 87' lang='lat' dir='ltr'><strong>Nerone</strong></span> <span class='ocrx_word' id='word_1_155' title='bbox 307 1603 452 1640; x_wconf 89' lang='lat' dir='ltr'><strong>praetor</strong></span> <span class='ocrx_word' id='word_1_156' title='bbox 466 1604 721 1631; x_wconf 83' lang='lat' dir='ltr'><strong>memorentur.</strong></span> <span class='ocrx_word' id='word_1_157' title='bbox 748 1600 818 1632; x_wconf 84' lang='lat' dir='ltr'><strong>Sed</strong></span> <span class='ocrx_word' id='word_1_158' title='bbox 838 1601 915 1643; x_wconf 76' lang='lat' dir='ltr'><strong>quis</strong></span> <span class='ocrx_word' id='word_1_159' title='bbox 929 1600 987 1632; x_wconf 86' lang='lat' dir='ltr'><strong>hic</strong></span> <span class='ocrx_word' id='word_1_160' title='bbox 1002 1602 1182 1633; x_wconf 72' lang='lat' dir='ltr'><strong>Numicius</strong></span> <span class='ocrx_word' id='word_1_161' title='bbox 1205 1602 1325 1640; x_wconf 87' lang='lat' dir='ltr'><strong>suerit,</strong></span> <span class='ocrx_word' id='word_1_162' title='bbox 1346 1600 1394 1632; x_wconf 86' lang='lat' dir='ltr'><strong>ad</strong></span> 
     </span>
     <span class='ocr_line' id='line_1_24' title="bbox 68 1641 1393 1688; baseline 0.004 -16"><span class='ocrx_word' id='word_1_163' title='bbox 68 1651 175 1685; x_wconf 88' lang='lat' dir='ltr'><strong>quem</strong></span> <span class='ocrx_word' id='word_1_164' title='bbox 194 1641 358 1673; x_wconf 81' lang='lat' dir='ltr'><strong>Horatius</strong></span> <span class='ocrx_word' id='word_1_165' title='bbox 375 1641 465 1674; x_wconf 81' lang='lat' dir='ltr'><strong>hanc</strong></span> <span class='ocrx_word' id='word_1_166' title='bbox 480 1643 665 1686; x_wconf 87' lang='lat' dir='ltr'><strong>epistolam</strong></span> <span class='ocrx_word' id='word_1_167' title='bbox 686 1645 845 1688; x_wconf 74' lang='lat' dir='ltr'><strong>scripsit,</strong></span> <span class='ocrx_word' id='word_1_168' title='bbox 871 1646 934 1676; x_wconf 84' lang='lat' dir='ltr'><strong>nisi</strong></span> <span class='ocrx_word' id='word_1_169' title='bbox 956 1646 1104 1678; x_wconf 81' lang='lat' dir='ltr'><strong>sortasse</strong></span> <span class='ocrx_word' id='word_1_170' title='bbox 1124 1657 1253 1677; x_wconf 89' lang='lat' dir='ltr'><strong>nomen</strong></span> <span class='ocrx_word' id='word_1_171' title='bbox 1269 1645 1393 1677; x_wconf 85' lang='lat' dir='ltr'><strong>fictum</strong></span> 
     </span>
     <span class='ocr_line' id='line_1_25' title="bbox 69 1686 1390 1732; baseline 0.003 -14"><span class='ocrx_word' id='word_1_172' title='bbox 69 1691 140 1728; x_wconf 88' lang='lat' dir='ltr'><strong>est,</strong></span> <span class='ocrx_word' id='word_1_173' title='bbox 164 1686 355 1728; x_wconf 82' lang='lat' dir='ltr'><strong>ignoratur.</strong></span> <span class='ocrx_word' id='word_1_174' title='bbox 392 1686 492 1729; x_wconf 79' lang='lat' dir='ltr'><strong>Quae</strong></span> <span class='ocrx_word' id='word_1_175' title='bbox 510 1693 618 1730; x_wconf 77' lang='lat' dir='ltr'><strong>poeta</strong></span> <span class='ocrx_word' id='word_1_176' title='bbox 641 1688 688 1719; x_wconf 84' lang='lat' dir='ltr'><strong>ibi</strong></span> <span class='ocrx_word' id='word_1_177' title='bbox 712 1690 897 1732; x_wconf 77' lang='lat' dir='ltr'><strong>praecipit,</strong></span> <span class='ocrx_word' id='word_1_178' title='bbox 917 1701 958 1722; x_wconf 85' lang='lat' dir='ltr'><strong>eo</strong></span> <span class='ocrx_word' id='word_1_179' title='bbox 980 1690 1054 1722; x_wconf 83' lang='lat' dir='ltr'><strong>sere</strong></span> <span class='ocrx_word' id='word_1_180' title='bbox 1068 1690 1235 1722; x_wconf 74' lang='lat' dir='ltr'><strong>redeunt:</strong></span> <span class='ocrx_word' id='word_1_181' title='bbox 1256 1690 1390 1722; x_wconf 88' lang='lat' dir='ltr'><strong>Prima-</strong></span> 
     </span>
     <span class='ocr_line' id='line_1_26' title="bbox 67 1731 1391 1779; baseline 0.004 -17"><span class='ocrx_word' id='word_1_182' title='bbox 67 1731 161 1763; x_wconf 87' lang='lat' dir='ltr'><strong>rium</strong></span> <span class='ocrx_word' id='word_1_183' title='bbox 177 1735 213 1763; x_wconf 82' lang='lat' dir='ltr'><strong>et</strong></span> <span class='ocrx_word' id='word_1_184' title='bbox 232 1731 420 1762; x_wconf 80' lang='lat' dir='ltr'><strong>maximum</strong></span> <span class='ocrx_word' id='word_1_185' title='bbox 443 1732 532 1763; x_wconf 83' lang='lat' dir='ltr'><strong>vitae</strong></span> <span class='ocrx_word' id='word_1_186' title='bbox 555 1731 679 1764; x_wconf 77' lang='lat' dir='ltr'><strong>beatae</strong></span> <span class='ocrx_word' id='word_1_187' title='bbox 698 1734 911 1776; x_wconf 81' lang='lat' dir='ltr'><strong>praesidium</strong></span> <span class='ocrx_word' id='word_1_188' title='bbox 930 1745 971 1766; x_wconf 90' lang='lat' dir='ltr'><strong>eo</strong></span> <span class='ocrx_word' id='word_1_189' title='bbox 991 1735 1212 1775; x_wconf 79' lang='lat' dir='ltr'><strong>continetur,</strong></span> <span class='ocrx_word' id='word_1_190' title='bbox 1228 1740 1266 1766; x_wconf 90' lang='lat' dir='ltr'><strong>ut</strong></span> <span class='ocrx_word' id='word_1_191' title='bbox 1286 1737 1391 1779; x_wconf 87' lang='lat' dir='ltr'><strong>plane</strong></span> 
     </span>
     <span class='ocr_line' id='line_1_27' title="bbox 68 1771 1390 1824; baseline 0.005 -18"><span class='ocrx_word' id='word_1_192' title='bbox 68 1777 165 1807; x_wconf 88' lang='lat' dir='ltr'><strong>nulla</strong></span> <span class='ocrx_word' id='word_1_193' title='bbox 185 1782 245 1817; x_wconf 88' lang='lat' dir='ltr'><strong>re,</strong></span> <span class='ocrx_word' id='word_1_194' title='bbox 263 1775 394 1807; x_wconf 84' lang='lat' dir='ltr'><strong>nedum</strong></span> <span class='ocrx_word' id='word_1_195' title='bbox 412 1775 463 1807; x_wconf 87' lang='lat' dir='ltr'><strong>his</strong></span> <span class='ocrx_word' id='word_1_196' title='bbox 479 1774 707 1808; x_wconf 81' lang='lat' dir='ltr'><strong>humanarum</strong></span> <span class='ocrx_word' id='word_1_197' title='bbox 726 1788 844 1809; x_wconf 85' lang='lat' dir='ltr'><strong>rerum</strong></span> <span class='ocrx_word' id='word_1_198' title='bbox 866 1778 1026 1810; x_wconf 83' lang='lat' dir='ltr'><strong>ludibriis</strong></span> <span class='ocrx_word' id='word_1_199' title='bbox 1047 1784 1079 1811; x_wconf 87' lang='lat' dir='ltr'><strong>et</strong></span> <span class='ocrx_word' id='word_1_200' title='bbox 1096 1779 1260 1811; x_wconf 86' lang='lat' dir='ltr'><strong>sordibus</strong></span> <span class='ocrx_word' id='word_1_201' title='bbox 1272 1804 1282 1821; x_wconf 90' lang='lat'><strong>,</strong></span> <span class='ocrx_word' id='word_1_202' title='bbox 1307 1771 1390 1824; x_wconf 66' lang='lat' dir='ltr'><strong>pei·-</strong></span> 
     </span>
     <span class='ocr_line' id='line_1_28' title="bbox 69 1819 1390 1865; baseline 0.004 -14"><span class='ocrx_word' id='word_1_203' title='bbox 69 1820 255 1852; x_wconf 88' lang='lat' dir='ltr'><strong>turbemur</strong></span> <span class='ocrx_word' id='word_1_204' title='bbox 278 1819 383 1864; x_wconf 78' lang='lat' dir='ltr'><strong>(vet-s.</strong></span> <span class='ocrx_word' id='word_1_205' title='bbox 402 1821 543 1864; x_wconf 87' lang='lat' dir='ltr'><strong>1—3o);</strong></span> <span class='ocrx_word' id='word_1_206' title='bbox 569 1822 718 1853; x_wconf 78' lang='lat' dir='ltr'><strong>alterum</strong></span> <span class='ocrx_word' id='word_1_207' title='bbox 745 1828 817 1863; x_wconf 80' lang='lat' dir='ltr'><strong>est,</strong></span> <span class='ocrx_word' id='word_1_208' title='bbox 841 1829 876 1854; x_wconf 78' lang='lat' dir='ltr'><strong>ul</strong></span> <span class='ocrx_word' id='word_1_209' title='bbox 895 1834 1098 1865; x_wconf 75' lang='lat' dir='ltr'><strong>caveamus,</strong></span> <span class='ocrx_word' id='word_1_210' title='bbox 1123 1835 1167 1856; x_wconf 91' lang='lat' dir='ltr'><strong>ne</strong></span> <span class='ocrx_word' id='word_1_211' title='bbox 1188 1825 1390 1856; x_wconf 81' lang='lat' dir='ltr'><strong>inconstan-</strong></span> 
     </span>
     <span class='ocr_line' id='line_1_29' title="bbox 68 1865 1392 1910; baseline 0.005 -14"><span class='ocrx_word' id='word_1_212' title='bbox 68 1865 118 1896; x_wconf 83' lang='lat' dir='ltr'><strong>tia</strong></span> <span class='ocrx_word' id='word_1_213' title='bbox 142 1865 268 1897; x_wconf 87' lang='lat' dir='ltr'><strong>misere</strong></span> <span class='ocrx_word' id='word_1_214' title='bbox 290 1866 509 1898; x_wconf 82' lang='lat' dir='ltr'><strong>fluctuemus.</strong></span> <span class='ocrx_word' id='word_1_215' title='bbox 534 1865 602 1896; x_wconf 89' lang='lat' dir='ltr'><strong>Ubi</strong></span> <span class='ocrx_word' id='word_1_216' title='bbox 622 1867 774 1909; x_wconf 87' lang='lat' dir='ltr'><strong>primum</strong></span> <span class='ocrx_word' id='word_1_217' title='bbox 797 1868 902 1910; x_wconf 81' lang='lat' dir='ltr'><strong>igitur</strong></span> <span class='ocrx_word' id='word_1_218' title='bbox 926 1868 1071 1910; x_wconf 76' lang='lat' dir='ltr'><strong>videris,</strong></span> <span class='ocrx_word' id='word_1_219' title='bbox 1095 1869 1262 1901; x_wconf 84' lang='lat' dir='ltr'><strong>virtutem</strong></span> <span class='ocrx_word' id='word_1_220' title='bbox 1278 1872 1392 1902; x_wconf 84' lang='lat' dir='ltr'><strong>solam</strong></span> 
     </span>
    </p>

    <p class='ocr_par' dir='ltr' id='par_1_5' title="bbox 69 1909 1390 2047">
     <span class='ocr_line' id='line_1_30' title="bbox 96 1909 1390 1959; baseline 0.005 -18"><span class='ocrx_word' id='word_1_221' title='bbox 96 1921 174 1943; x_wconf 86' lang='lat' dir='ltr'><strong>osse</strong></span> <span class='ocrx_word' id='word_1_222' title='bbox 199 1909 302 1942; x_wconf 86' lang='lat' dir='ltr'><strong>nobis</strong></span> <span class='ocrx_word' id='word_1_223' title='bbox 327 1910 431 1942; x_wconf 82' lang='lat' dir='ltr'><strong>animi</strong></span> <span class='ocrx_word' id='word_1_224' title='bbox 457 1911 746 1953; x_wconf 78' lang='lat' dir='ltr'><strong>tranquillitatem</strong></span> <span class='ocrx_word' id='word_1_225' title='bbox 771 1919 804 1945; x_wconf 85' lang='lat' dir='ltr'><strong>et</strong></span> <span class='ocrx_word' id='word_1_226' title='bbox 828 1913 933 1944; x_wconf 78' lang='lat' dir='ltr'><strong>vitam</strong></span> <span class='ocrx_word' id='word_1_227' title='bbox 950 1924 1030 1946; x_wconf 76' lang='lat' dir='ltr'><strong>vere</strong></span> <span class='ocrx_word' id='word_1_228' title='bbox 1048 1913 1186 1946; x_wconf 81' lang='lat' dir='ltr'><strong>beatam</strong></span> <span class='ocrx_word' id='word_1_229' title='bbox 1205 1914 1390 1959; x_wconf 85' lang='lat' dir='ltr'><strong>praebere,</strong></span> 
     </span>
     <span class='ocr_line' id='line_1_31' title="bbox 94 1955 1390 2002; baseline 0.005 -16"><span class='ocrx_word' id='word_1_230' title='bbox 94 1955 301 1999; x_wconf 70' lang='lat' dir='ltr'><strong>anci-ipsam</strong></span> <span class='ocrx_word' id='word_1_231' title='bbox 340 1956 443 1988; x_wconf 88' lang='lat' dir='ltr'><strong>unice</strong></span> <span class='ocrx_word' id='word_1_232' title='bbox 478 1966 626 1998; x_wconf 81' lang='lat' dir='ltr'><strong>sequere</strong></span> <span class='ocrx_word' id='word_1_233' title='bbox 667 1955 711 2000; x_wconf 83' lang='lat' dir='ltr'><strong>(v.</strong></span> <span class='ocrx_word' id='word_1_234' title='bbox 743 1957 823 2001; x_wconf 82' lang='lat'>30);</span> <span class='ocrx_word' id='word_1_235' title='bbox 862 1958 916 1991; x_wconf 87' lang='lat' dir='ltr'><strong>sin</strong></span> <span class='ocrx_word' id='word_1_236' title='bbox 942 1963 1058 1991; x_wconf 82' lang='lat' dir='ltr'><strong>autem</strong></span> <span class='ocrx_word' id='word_1_237' title='bbox 1087 1970 1187 1991; x_wconf 88' lang='lat' dir='ltr'><strong>secus</strong></span> <span class='ocrx_word' id='word_1_238' title='bbox 1226 1960 1390 2002; x_wconf 82' lang='lat' dir='ltr'><strong>senseris,</strong></span> 
     </span>
     <span class='ocr_line' id='line_1_32' title="bbox 69 1999 1390 2047; baseline 0.005 -16"><span class='ocrx_word' id='word_1_239' title='bbox 69 2005 226 2044; x_wconf 80' lang='lat' dir='ltr'><strong>praestat</strong></span> <span class='ocrx_word' id='word_1_240' title='bbox 257 2001 314 2032; x_wconf 86' lang='lat' dir='ltr'><strong>vel</strong></span> <span class='ocrx_word' id='word_1_241' title='bbox 337 1999 473 2033; x_wconf 88' lang='lat' dir='ltr'><strong>divitias</strong></span> <span class='ocrx_word' id='word_1_242' title='bbox 499 1999 550 2044; x_wconf 76' lang='grc' dir='ltr'><strong>(ν.</strong></span> <span class='ocrx_word' id='word_1_243' title='bbox 570 2000 742 2047; x_wconf 78' lang='lat'><strong>32—48),</strong></span> <span class='ocrx_word' id='word_1_244' title='bbox 766 2004 822 2036; x_wconf 83' lang='lat' dir='ltr'><strong>vel</strong></span> <span class='ocrx_word' id='word_1_245' title='bbox 844 2003 969 2047; x_wconf 75' lang='lat' dir='ltr'><strong>populi</strong></span> <span class='ocrx_word' id='word_1_246' title='bbox 992 2003 1148 2036; x_wconf 79' lang='lat' dir='ltr'><strong>savorem</strong></span> <span class='ocrx_word' id='word_1_247' title='bbox 1177 2009 1213 2037; x_wconf 85' lang='lat' dir='ltr'><strong>et</strong></span> <span class='ocrx_word' id='word_1_248' title='bbox 1235 2004 1390 2038; x_wconf 87' lang='lat' dir='ltr'><strong>honores</strong></span> 
     </span>
    </p>
   </div>
   <div class='ocr_carea' id='block_1_5' title="bbox 71 2132 1389 2180">
    <p class='ocr_par' dir='ltr' id='par_1_6' title="bbox 71 2132 1389 2180">
     <span class='ocr_line' id='line_1_33' title="bbox 71 2132 1389 2180; baseline 0.003 -16"><span class='ocrx_word' id='word_1_249' title='bbox 71 2148 118 2158; x_wconf 87' lang='lat'><strong>·—·</strong></span> <span class='ocrx_word' id='word_1_250' title='bbox 139 2142 172 2165; x_wconf 85' lang='lat' dir='ltr'><strong>v.</strong></span> <span class='ocrx_word' id='word_1_251' title='bbox 192 2140 247 2176; x_wconf 81' lang='lat'><strong>17.</strong></span> <span class='ocrx_word' id='word_1_252' title='bbox 282 2132 425 2167; x_wconf 71' lang='lat' dir='ltr'><strong>ittet-tem</strong></span> <span class='ocrx_word' id='word_1_253' title='bbox 448 2133 548 2166; x_wconf 84' lang='lat' dir='ltr'><strong>multi</strong></span> <span class='ocrx_word' id='word_1_254' title='bbox 573 2132 689 2166; x_wconf 86' lang='lat' dir='ltr'><strong>codd.</strong></span> <span class='ocrx_word' id='word_1_255' title='bbox 727 2132 798 2167; x_wconf 86' lang='lat' dir='ltr'><strong>Sed</strong></span> <span class='ocrx_word' id='word_1_256' title='bbox 819 2134 903 2168; x_wconf 89' lang='lat' dir='ltr'><strong>olim</strong></span> <span class='ocrx_word' id='word_1_257' title='bbox 924 2136 1015 2180; x_wconf 81' lang='lat' dir='ltr'><strong>vulg.</strong></span> <span class='ocrx_word' id='word_1_258' title='bbox 1036 2136 1208 2169; x_wconf 81' lang='lat' dir='ltr'><strong>inermem.</strong></span> <span class='ocrx_word' id='word_1_259' title='bbox 1231 2136 1286 2170; x_wconf 75' lang='lat' dir='ltr'><strong>Cf.</strong></span> <span class='ocrx_word' id='word_1_260' title='bbox 1306 2136 1389 2170; x_wconf 87' lang='lat' dir='ltr'><strong>Fea.</strong></span> 
     </span>
    </p>
   </div>
   <div class='ocr_carea' id='block_1_6' title="bbox 71 2178 1395 2269">
    <p class='ocr_par' dir='ltr' id='par_1_7' title="bbox 71 2178 1395 2269">
     <span class='ocr_line' id='line_1_34' title="bbox 71 2178 1395 2226; baseline 0.004 -17"><span class='ocrx_word' id='word_1_261' title='bbox 71 2194 120 2204; x_wconf 90' lang='lat'><strong>--</strong></span> <span class='ocrx_word' id='word_1_262' title='bbox 138 2188 170 2213; x_wconf 69' lang='lat' dir='ltr'><strong>v.</strong></span> <span class='ocrx_word' id='word_1_263' title='bbox 193 2178 248 2211; x_wconf 83' lang='lat'><strong>26.</strong></span> <span class='ocrx_word' id='word_1_264' title='bbox 283 2178 338 2211; x_wconf 81' lang='lat' dir='ltr'><strong>Ita</strong></span> <span class='ocrx_word' id='word_1_265' title='bbox 362 2178 480 2213; x_wconf 81' lang='lat' dir='ltr'><strong>codd.</strong></span> <span class='ocrx_word' id='word_1_266' title='bbox 517 2178 587 2211; x_wconf 89' lang='lat' dir='ltr'><strong>Sed</strong></span> <span class='ocrx_word' id='word_1_267' title='bbox 607 2179 693 2211; x_wconf 84' lang='lat' dir='ltr'><strong>olim</strong></span> <span class='ocrx_word' id='word_1_268' title='bbox 715 2189 780 2224; x_wconf 87' lang='lat' dir='ltr'><strong>per</strong></span> <span class='ocrx_word' id='word_1_269' title='bbox 802 2179 893 2214; x_wconf 88' lang='lat' dir='ltr'><strong>Edd.</strong></span> <span class='ocrx_word' id='word_1_270' title='bbox 917 2181 1123 2226; x_wconf 81' lang='lat' dir='ltr'><strong>vulgabatur</strong></span> <span class='ocrx_word' id='word_1_271' title='bbox 1144 2182 1298 2216; x_wconf 77' lang='lat' dir='ltr'><strong>Brutum</strong></span> <span class='ocrx_word' id='word_1_272' title='bbox 1330 2181 1395 2216; x_wconf 78' lang='lat' dir='ltr'><strong>tibi</strong></span> 
     </span>
     <span class='ocr_line' id='line_1_35' title="bbox 76 2219 788 2269; baseline 0.008 -17"><span class='ocrx_word' id='word_1_273' title='bbox 76 2219 343 2269; x_wconf 74' lang='lat' dir='ltr'><strong>Sepu&#39;mwnque.</strong></span> <span class='ocrx_word' id='word_1_274' title='bbox 364 2223 421 2260; x_wconf 73' lang='lat' dir='ltr'><strong>Cf.</strong></span> <span class='ocrx_word' id='word_1_275' title='bbox 442 2224 554 2258; x_wconf 79' lang='lat' dir='ltr'><strong>Bentl.</strong></span> <span class='ocrx_word' id='word_1_276' title='bbox 577 2224 666 2268; x_wconf 73' lang='lat' dir='ltr'><strong>Fen,</strong></span> <span class='ocrx_word' id='word_1_277' title='bbox 689 2223 788 2258; x_wconf 79' lang='lat' dir='ltr'><strong>Iahn.</strong></span> 
     </span>
    </p>
   </div>
  </div>
 </body>
</html>
