1526 2404
513 174 767 206 Ensroxat.
795 175 883 203 un.
909 163 959 206 II.
975 163 1026 204 ·3.
1356 164 1431 217 »09

115 273 368 330 Verbaque,
392 272 592 322 Pisones,
621 271 868 322 Satyrorum
893 269 1080 324 scriptor
1101 269 1272 323 amahog
1349 268 1430 315 235

114 329 203 368 Nec
228 326 288 367 sic
314 325 449 367 em'tar
471 333 537 364 tra
571 325 636 364 'co
663 323 840 364 differre
871 323 1028 373 colori,

115 381 172 420 Ut
198 379 301 420 nihil
325 379 512 427 intersit,
538 339 736 418 gavusne
762 378 964 431 loquatur
990 383 1035 416 et
1061 376 1195 416 audax

114 433 308 490 Pythias,
337 438 532 472 emuncto
558 432 719 471 lucrata
746 430 916 469 Simone
940 429 1167 480 talentum,

116 486 185 526 An
211 494 352 526 custos
381 484 647 540 famulusque
671 484 756 524 Dei
787 483 951 522 Silenus
983 483 1149 522 alumni.

80 533 83 539 ¹
115 540 182 579 Ex
207 535 310 579 noto
336 537 480 577 fictum
509 550 678 578 carmen
706 550 880 591 sequar,
906 543 955 575 ut
984 535 1062 575 sibi
1089 535 1223 627 qiuivis
1316 557 1322 560 -
1354 541 1433 586 240

118 592 274 646 Speret
298 591 433 642 idem3
461 591 585 630 sudet
612 589 812 639 multum,
839 588 1080 644 frustraque
1126 588 1277 629 aboret
1333 594 1338 598 ’

117 646 256 684 Ausus
282 645 407 684 idem.
434 645 612 682 Tantum
638 643 769 683 series
792 643 1069 697 iuncturaque
1095 642 1256 695 pollet;

119 700 299 737 Tantum
316 697 378 736 «de
405 696 546 736 medio
575 696 721 736 sumtis
747 695 910 735 accedit
936 694 1122 738 honoris.

119 751 244 790 Silvis
273 750 414 790 educti
440 757 635 798 caveant,
662 763 731 789 me
755 748 919 798 iudice3
946 748 1104 798 Fanni,

118 805 204 853 Ne,
230 803 350 844 velut
374 803 503 843 innati
528 802 663 842 triviis
692 815 740 842 ac
764 800 898 855 paene
924 799 1142 851 forenses,
1352 801 1434 851 245

120 856 209 896 Aut
236 856 409 895 nimium
434 855 590 895 teneris
619 855 874 895 iuvenentur
905 853 1097 894 versibus
1124 868 1329 910 unquam,

118 907 207 951 Ant
230 909 439 948 immunda
467 916 642 964 crepent
665 907 1023 962 ignominiosaque
1050 907 1173 947 dicta.
1438 933 1441 935 -

121 961 412 1003 Offenduntur
440 962 573 1010 enim,
600 961 749 1023 quibus
779 969 843 1000 est
870 974 1026 1015 equus,
1055 969 1098 1000 et
1117 968 1262 1014 pater,
1286 966 1331 999 et
1341 973 1411 999 res
1420 972 1434 1011 3

119 1016 232 1065 Nec,
260 1015 295 1054 si
322 1015 423 1069 quid
451 1014 569 1054 fricti
596 1014 742 1054 ciceris
769 1013 924 1067 probat
951 1021 995 1053 et
1019 1014 1134 1052 nucis
1162 1020 1325 1064 emtor,

122 1067 281 1121 Aequis
308 1068 514 1125 accipiunt
541 1068 706 1117 animis,
734 1067 943 1107 donantve
976 1079 1143 1109 corona.
1305 1076 1314 1081 ⁴
1357 1065 1437 1105 250

123 1120 290 1172 Syllaba
315 1121 441 1174 longa
465 1121 586 1160 brevi
613 1121 799 1160 subiecta
825 1127 1001 1160 vocatur
1027 1119 1213 1169 Iambus,

121 1174 204 1212 Pes
232 1173 365 1226 citusj,
395 1173 510 1214 unde
538 1173 662 1214 etiam
691 1173 910 1212 Trimetris
942 1186 1186 1212 accrescere
1210 1171 1331 1211 iussit

121 1227 283 1267 Nomen
311 1226 504 1277 iambeis,
532 1241 659 1281 quum
687 1239 809 1266 senos
835 1226 1038 1265 redderet
1062 1226 1192 1275 ictus,

110 1279 287 1318 'Primus
317 1278 369 1318 ad
397 1287 628 1325 extremum
657 1279 799 1319 similis
826 1279 916 1318 sibi.
945 1280 1039 1319 Non
1066 1279 1123 1318 ita
1147 1278 1337 1331 pridem,

124 1332 303 1371 Tardior
329 1339 378 1372 ut
403 1333 529 1387 paulo
560 1334 813 1388 graviorque
841 1332 1008 1373 veniret
1033 1332 1085 1371 ad
1115 1345 1261 1384 aures,
1359 1329 1440 1370 255

128 1385 347 1437 Spondeos
374 1385 543 1425 stabiles
566 1388 608 1425 in
637 1387 730 1426 iura
758 1393 932 1439 paterna
959 1385 1126 1439 recepit

127 1437 384 1476 Commodus
415 1447 458 1477 et
483 1440 665 1492 patiens,
692 1453 773 1481 non
797 1446 845 1477 ut
873 1438 926 1477 de
954 1438 1056 1477 sede
1083 1437 1269 1478 secunda

130 1490 314 1529 Cederet
344 1498 590 1546 autquarta
616 1492 838 1532 socialiter.
882 1492 963 1530 Hic
991 1499 1035 1530 et
1058 1492 1099 1530 in
1128 1493 1234 1531 Acci

126 1541 346 1582 Nobilibus
373 1544 590 1584 Trimetris
618 1553 791 1598 apparet
817 1557 958 1592 rarus,
987 1551 1031 1583 et
1055 1546 1166 1583 Enni

127 1596 173 1634 In
203 1607 366 1634 scenam
392 1596 537 1636 missos
566 1610 661 1636 cum
686 1611 836 1650 magno
866 1596 1054 1648 pondere
1080 1611 1227 1637 versus
1365 1594 1443 1639 260

128 1650 217 1688 Aut
244 1660 399 1700 operae
427 1649 577 1689 celeris
603 1650 774 1688 nimium
800 1662 983 1703 curaque
1012 1651 1215 1702 carentis,

131 1702 217 1740 Aut
244 1700 457 1753 ignoratae
486 1703 639 1754 premit
667 1702 764 1741 artis
792 1702 963 1754 crimine
990 1703 1117 1756 turpi.

130 1755 223 1793 Non
255 1753 389 1807 quivis
424 1755 536 1794 videt
562 1754 830 1794 immodulata
861 1757 1054 1807 poemata
1080 1755 1231 1807 iudex3

131 1807 189 1844 Et
218 1807 312 1845 data
339 1807 533 1846 Romanis
560 1807 680 1847 venia
711 1816 774 1846 est
804 1807 969 1860 indigna
994 1809 1144 1861 poetis.

133 1858 350 1918 Idcircqne
379 1872 531 1916 vager,
558 1859 798 1919 sribamque
825 1860 1029 1903 licenter?
1056 1862 1112 1901 Ut
1143 1874 1287 1901 omnes
1366 1860 1449 1902 265·

132 1976 176 1984 -
200 1971 237 1993 v.
261 1966 339 2001 235.
364 1958 570 1991 Satirarum
594 1958 709 1993 Codd.
736 1961 870 2004 aliquot
893 1961 984 1993 Feae
1009 1966 1045 1994 et
1068 1961 1213 1993 Helmst.
1237 1977 1283 1985 —
1305 1970 1345 1993 v.
1366 1967 1444 2001 237.

134 2015 184 2037 an
207 2003 332 2036 ‹mdax
354 2004 468 2039 Codd.
493 2005 627 2048 aliquot
650 2007 760 2046 Fene,
786 2007 948 2038 aliorum.
972 2000 1025 2032 —x
1039 2017 1078 2038 υ.
1102 2005 1178 2047 243.
1192 2002 1445 2048 accedetpauci

136 2048 252 2084 Codd.
274 2050 384 2090 Fene,
414 2048 520 2092 idque
546 2051 674 2082 mavult
699 2050 806 2083 Both.
832 2051 866 2082 in
891 2051 1073 2083 Annotatt.
1099 2051 1171 2082 Sed
1193 2049 1248 2082 Cf.
1280 2048 1378 2081 Iahn.
1401 2067 1446 2074 --

135 2103 173 2125 v.
199 2092 277 2137 244.
305 2093 426 2129 educti
448 2093 562 2126 Codd.
586 2095 697 2136 Feae,
724 2095 830 2138 idque
843 2095 1040 2127 Markland.
1058 2096 1269 2128 coniecerat.
1290 2094 1344 2125 (ΣΡ.
1362 2095 1444 2125 Fea.

134 2156 180 2163 -—
203 2149 241 2171 v.
253 2137 330 2181 249.
340 2137 466 2183 fracti
477 2139 603 2171 ciceris
618 2140 738 2183 plures
749 2139 863 2171 Codd.
877 2145 912 2172 et
928 2141 1059 2173 multae
1069 2140 1158 2171 Edd.
1172 2145 1252 2172 vett.
1270 2137 1350 2171 Yid.
1361 2139 1445 2172 Fea.

134 2201 182 2212 .-
204 2193 241 2214 υ.
267 2185 342 2225 258.
366 2183 443 2224 In‘c,
477 2190 515 2215 ut
539 2185 581 2216 sit
606 2184 811 2217 adverbium
835 2183 936 2217 Both.
961 2185 996 2216 in
1020 2184 1200 2216 Annotatt.
1221 2183 1447 2216 scribendum

139 2233 270 2261 censet.
303 2246 349 2254 ·—
382 2240 420 2260 v.
460 2230 535 2263 260.
569 2230 697 2261 missus
726 2230 838 2266 Bentl.
872 2230 1087 2262 coniectura.
1113 2230 1166 2261 Cf.
1198 2229 1280 2262 Fea.
1302 2246 1342 2252 —
1369 2238 1448 2261 cum

140 2283 270 2315 magno
294 2271 411 2307 Bentl.
437 2285 457 2307 e
483 2272 601 2307 Codd.
625 2274 727 2318 vulg.
753 2285 884 2318 magno
909 2285 999 2307 cum.
1022 2293 1067 2299 —
1093 2284 1131 2306 v.
1157 2274 1234 2310 265.
1262 2273 1315 2306 Ita
1334 2273 1448 2307 Bent-
