1526 2404
142 172 216 212 150
588 183 628 222 ρ.
657 183 838 210 nonu-n
867 184 1024 213 macc!

136 281 204 322 Ad
231 293 299 320 me
325 293 546 330 recurre3‚
574 293 654 321 nec
682 289 830 324 vocata
855 294 972 322 mens
1001 289 1073 322 tua

187 334 333 374 Marsis
361 333 516 373 redibit
545 335 732 388 vocibus·

135 389 266 428 Maius
295 387 477 441 parabo,
504 389 635 428 maius
663 388 881 430 infundam
904 388 981 430 fibi

189 441 434 481 Fastidienti
458 443 669 496 poculum.

134 495 344 549 Priusque
369 497 534 536 coelum
566 496 677 549 sidet
708 496 885 536 inserius
913 495 1043 547 mari,

191 550 363 589 Tellure
390 557 589 603 porrecta
618 563 768 604 super,

136 602 278 664 Quam
305 617 388 642 non
416 614 559 643 amore
586 604 645 643 sic
671 619 768 645 meo
799 602 982 659 flagres,
1012 603 1076 645 uti

188 656 385 701 Bitumen
416 657 514 697 atris
544 657 751 712 ignibus.“

136 709 225 748 Sub
254 709 358 750 haec
385 725 518 764 puer,
547 711 628 751 iam
649 726 756 764 non,
783 719 832 751 ut
859 718 977 762 ante,
1004 710 1201 753 mollibus

189 763 342 803 Lenire
374 764 512 804 verbis
541 765 712 819 impias3

137 816 222 855 Sed
251 816 401 857 dubius
432 818 544 858 unde
570 827 790 873 rumperet
817 817 1049 870 silentium,
1104 837 1112 846 ⁴

188 870 299 910 Misit
327 871 554 924 Thyesteas
581 886 752 926 preces:

136 924 338 974 „Venena
364 939 561 979 magnum
589 926 653 966 fas
682 927 910 982 nefasque,
938 937 1023 964 non
1051 924 1191 966 valent

190 979 451 1019 Convertere
480 979 701 1020 humanam
728 981 884 1021 vicem.

135 1030 249 1069 Diris
279 1046 398 1086 agam
428 1047 525 1073 vos:
551 1033 642 1072 dira
669 1033 896 1075 detestatio

188 1084 308 1124 Nulla
339 1086 529 1139 expiatur
559 1087 739 1128 victima.

136 1137 270 1198 Quin,
298 1139 370 1178 ubi
398 1140 540 1192 perire
562 1140 696 1179 iussus
725 1141 1005 1193 expiravero,

188 1192 423 1231 Nocturnus
454 1206 673 1232 occurram
700 1194 863 1242 Furor,

134 1245 368 1300 Petamque
398 1246 537 1285 vultus
567 1245 715 1285 umbra
742 1246 880 1285 curvis
905 1243 1139 1298 unguibus,

189 1298 309 1354 Quae
337 1299 399 1338 'vis
428 1300 617 1339 Deorum
647 1307 710 1338 est
736 1298 942 1349 Manium,

134 1353 191 1392 Et
217 1350 409 1408 inquietis
440 1353 623 1392 assidens
651 1351 934 1405 praecordii8‚

186 1409 354 1447 Pavore
382 1418 549 1445 somnos
575 1404 774 1445 auferam.

134 1461 223 1504 Vos
252 1460 373 1500 turba
400 1460 568 1499 vicatim
594 1459 690 1498 hinc
720 1466 763 1498 et
787 1458 884 1498 hinc
912 1459 1017 1499 saxis
1043 1464 1194 1512 petens

189 1513 430 1554 Contundet
457 1513 656 1552 obscenas
686 1525 799 1551 anus.
1003 1550 1006 1551 γ

133 1570 239 1608 Post
265 1567 469 1620 insepulta
496 1566 684 1606 membra
711 1565 913 1607 different
938 1566 1030 1620 lupi

189 1623 245 1659 Et
272 1620 516 1675 Exquilinae
545 1620 684 1669 alites3
1013 1628 1019 1637 ·

134 1676 283 1728 Neque
311 1674 393 1713 hoc
421 1682 640 1726 parentes,
667 1671 752 1712 heu
778 1671 879 1713 mihi
906 1670 1173 1726 superstites!

187 1727 401 1782 Effugerit
430 1728 726 1780 spectaculum.

1393 1629 1466 1658 100

134 1910 179 1917 —
200 1904 231 1923 v.
258 1892 312 1924 81.
337 1891 404 1923 mei
423 1890 486 1922 Ed.
513 1888 680 1922 Glarean.
705 1889 820 1923 Bentl.
842 1907 889 1915 —
912 1901 942 1921 v.
968 1888 1023 1930 87.
1049 1886 1165 1921 Bentl.
1194 1883 1290 1918 coni.
1313 1886 1460 1918 Venena

134 1938 275 1978 magica
299 1935 364 1977 fas.
381 1935 549 1979 nefhsque
574 1947 646 1967 non
669 1935 812 1974 valent,
840 1935 921 1967 Non
942 1941 1070 1965 vet-tere
1093 1931 1266 1964 humanas
1281 1932 1372 1963 vices
1389 1932 1463 1963 Fea

136 1985 184 2015 ita
207 1975 440 2026 intes-pungit:
494 1981 632 2012 Venena
644 1980 656 2011 l
691 1991 890 2024 magnum¹
914 1991 975 2018 us,
1010 1977 1201 2022 nefasque,
1237 1987 1310 2009 non
1343 1977 1460 2008 valent

137 2030 342 2060 Convertere
367 2026 559 2059 humanam
589 2026 726 2059 vicem?
758 2026 829 2058 Sed
868 2025 953 2059 Vid.
978 2022 1172 2056 Mitscherl.
1199 2028 1235 2055 et
1258 2021 1362 2055 Both.
1391 2022 1460 2054 Λιι-

135 2079 263 2106 notatt.
282 2091 328 2098 —·
361 2085 391 2104 v.
422 2081 492 2106 100.
520 2070 733 2117 Ecqtu'linae
767 2071 867 2104 dedit
889 2072 962 2103 Fea
997 2080 1016 2102 e
1056 2067 1175 2102 Codd.
1211 2068 1460 2106 marmoribus,

137 2124 220 2152 vett.
244 2117 337 2153 Edd.
362 2117 567 2163 Esquilinae
596 2118 770 2168 plurimae
795 2117 887 2164 Edd-
