1526 2404
510 188 748 216 smmum
775 187 867 236 un,
886 174 938 213 11.
964 185 1004 212 2.
1376 170 1430 223 59

43 289 51 298 ’
91 271 393 380 ‘guali—igitur
421 275 535 324 victu
561 276 726 336 sapiens
751 274 926 320 u'te'tur?
954 287 999 320 et
1023 278 1177 319 horum

150 348 274 379 trum«
287 335 544 378 imitabitur?
569 338 661 375 Hac
688 341 816 388 urget
838 332 984 387 lupus,
1008 333 1088 372 hac
1116 331 1251 382 canis,
1278 331 1404 370 aiunt.

109 391 287 432 Mundus
315 391 418 442 erit,
446 390 519 446 qui
538 403 620 430 non
650 386 840 428 offendat
862 386 1082 435 sordibus,
1109 394 1236 440 atque
1377 382 1432 424 65

110 447 157 485 Ιιι
179 452 370 484 nean-am
396 452 560 498 partem
588 441 724 482 cultus
745 439 894 481 miser.
920 440 1003 479 Hic
1029 453 1167 493 neque
1195 438 1353 490 servis,

110 497 266 538 Albuci
293 498 402 537 senis
432 495 651 548 exemplo,
678 493 777 533 dum
805 493 944 532 munia
970 492 1097 540 didit,

112 551 272 591 Saevus
301 550 406 600 erit3
433 562 573 602 neque
600 548 660 588 sic
684 554 733 587 ut
759 546 937 599 simplex
963 545 1146 585 Naevius
1173 552 1341 584 unctam

112 603 312 644 Convivis
331 602 552 656 praebebit
573 599 744 656 affluanu
762 599 907 639 vitium
925 599 1008 639 hoc
1024 612 1196 654 quoque
1222 611 1431 651 magnum.

103 657 272 710 ›Accipe
301 669 411 695 nunc
425 657 599 704 ,victus
624 653 760 694 tenuis
788 666 899 707 quae
936 661 1176 708 quantaque
1207 663 1351 690 secum
1378 663 1433 703 7o

110 709 292 750 Afferat.
319 709 509 762 Inprimis
535 707 675 748 valeas
701 706 833 746 bene:
861 720 956 746 nam
983 706 1125 745 variae
1151 718 1223 744 res

112 763 173 802 Ut
194 770 375 802 noceant
400 761 582 811 homini,
610 760 970 807 credasffimemor
994 759 1104 798 illius
1133 771 1280 809 escae,

113 815 242 908 Rgae
269 815 447 868 simplex
472 814 572 855 olim
589 813 671 853 -tibi
697 813 883 852 sederit„
896 813 955 852 At
986 812 1110 851 simul
1138 810 1236 850 assis

161 868 171 876 ’
195 867 332 908 oneris
360 868 492 916 elixa,
519 867 642 907 simul
668 865 885 918 conchylia
909 864 1064 906 turdis:

114 921 267 960 Dulcia
292 934 339 961 se
365 921 408 960 in
433 921 569 974 bil-em·
590 926 779 970 vertent,
810 917 1113 972 stomachoque
1139 916 1364 956 tumultum
1379 915 1434 966 75

114 975 249 1014 Lenta
274 973 390 1013 fe‘re't
414 973 575 1028 p'itusta'.
603 971 760 1021 Vides,
786 979 835 1010 ut
861 970 1040 1024 pallidus
1069 970 1202 1009 omnis

80 1064 83 1065 γ
117 1027 262 1066 Coena
288 1026 489 1088 desurgat
514 1024 671 1066 dubia?
703 1025 818 1086 Quin
843 1037 999 1077 corpus
1027 1021 1224 1063 o‘nustum

115 1080 337 1119 Hesternis
364 1080 474 1120 vinis
501 1079 681 1119 animum
707 1091 879 1133 quoque
905 1084 1158 1131 praegravat
1182 1088 1303 1126 una,.

115 1133 260 1188 Atque
289 1131 424 1187 affigit
448 1132 577 1172 humo
605 1131 770 1171 divinae
795 1130 1045 1184 particulam
1072 1141 1212 1168 aurae.

115 1185 263 1236 Alter,
288 1185 362 1226 ubi
389 1185 502 1225 dicto
534 1186 654 1226 citius
687 1184 834 1224 curata‘
858 1183 1004 1236 sopori
1383 1181 1438 1221 80

115 1238 305 1279 Membra
332 1238 472 1289 dedit,
503 1247 678 1301 vegetus
706 1237 968 1290 praescripta
993 1235 1046 1274 ad
1076 1235 1216 1275 munia
1243 1233 1393 1286 surgit,

115 1291 198 1331 Hic
226 1300 366 1331 tamen
393 1292 446 1331 ad
472 1293 620 1332 melius
647 1290 806 1345 poterit
831 1298 1122 1329 transcurrere
1149 1287 1385 1344 quondam,

118 1344 219 1384 Sive
246 1345 358 1384 diem
386 1344 545 1384 festum
571 1345 739 1385 rediens
768 1343 984 1382 advexerit
1012 1356 1164 1392 annus,

118 1397 207 1436 Seu
230 1411 427 1438 recreare
456 1399 573 1438 volet
603 1406 820 1438 tenuatum
848 1409 1027 1449 corpus,
1054 1394 1183 1436 ubive

118 1450 336 1494 Accedent
363 1451 479 1501 anni,
505 1460 549 1491 et
573 1450 745 1491 tractari
770 1449 937 1488 mollius
966 1456 1079 1487 aetas
1387 1445 1441 1488 85

118 1501 334 1542 Imbecilla
359 1504 487 1543 volet.
517 1503 614 1543 Tibi
639 1504 836 1557 quidnam
864 1502 1040 1542 accedet
1067 1501 1121 1540 ad
1149 1501 1294 1551 istam,

120 1554 262 1648 guam
288 1569 396 1608 puer
423 1565 466 1595 et
487 1557 648 1596 validus
676 1556 928 1610 praesumis,
956 1554 1198 1606 mollitiem,
1225 1569 1302 1594 seu

165 1622 240 1646 ura
265 1608 460 1647 valetudo
489 1609 682 1649 inciderit
707 1623 783 1648 seu
810 1608 928 1647 tarda
956 1607 1180 1646 senectus?

123 1659 358 1700 Rancidum
384 1675 530 1713 aprum
558 1663 714 1716 antiqui
730 1661 983 1711 ,laudabann
1013 1662 1097 1700 non
1125 1661 1220 1715 quia
1248 1675 1369 1701 nasus

121 1714 206 1752 Illis
224 1713 360 1752 nullus
379 1723 491 1763 erat,
508 1714 604 1763 sed,
625 1715 755 1753 credo
768 1745 779 1764 ,
799 1714 876 1752 hac
896 1721 1060 1763 mente,
1080 1714 1197 1767 quod
1213 1715 1369 1768 hospes
1389 1725 1441 1766 90

55 1765 67 1771 ’
123 1766 301 1805 Tardius
330 1766 553 1806 adveniens
581 1767 769 1806 vitiatum
797 1766 1079 1813 commodius,
1106 1781 1232 1820 quam

122 1821 340 1873 Integrum
370 1819 475 1858 edax
507 1820 698 1859 dominus
727 1827 1006 1859 consumeret.
1034 1820 1126 1859 Hos
1152 1821 1310 1861 utinam
1331 1820 1442 1858 inter

124 1874 290 1912 Heroas
316 1880 458 1912 natum
481 1873 607 1912 tellus
634 1886 702 1912 me
727 1874 862 1928 prima
887 1871 1073 1913 tulisset!

125 2021 170 2028 —
194 2015 225 2035 v.
238 2002 295 2046 64.
320 2006 424 2047 angit
441 2005 580 2050 plurimi
598 2003 711 2036 Codd.
733 2009 768 2036 et
786 2003 875 2035 Edd.
894 2012 974 2039 ante
986 2006 1217 2047 Lambinum,
1231 2007 1290 2049 qui
1310 2005 1444 2051 primus

129 2060 149 2081 e
171 2048 286 2080 Codd.
314 2049 411 2082 dedit
437 2052 548 2082 αιίιιιι.
574 2050 627 2081 Cf.
654 2048 777 2081 Heind.
804 2055 838 2081 et
852 2050 933 2082 Fea.
957 2071 1002 2077 --
1025 2062 1055 2082 v.
1072 2052 1128 2085 65.
1154 2062 1229 2097 qua
1248 2063 1320 2083 non
1332 2049 1443 2094 ⁰ffi'¹‘

129 2091 193 2124 dut
214 2093 324 2126 Beml.
351 2106 370 2126 e
394 2095 508 2127 Codd.
552 2094 621 2127 Sed
644 2093 724 2125 vid.
750 2093 873 2126 Heind.
903 2115 948 2121 —
978 2108 1010 2128 v.
1036 2106 1090 2138 77.
1125 2095 1285 2139 desta-git
1317 2096 1443 2127 Collat-

129 2137 218 2175 Sat„
241 2156 285 2163 -—-
324 2150 355 2170 v.
381 2150 434 2182 79.
460 2140 587 2181 affligit
619 2140 740 2171 Plures
766 2138 880 2170 Codd.
898 2141 1056 2173 Lambin.
1088 2147 1122 2174 et
1138 2143 1166 2173 F
1168 2152 1240 2173 eae.
1274 2138 1446 2173 Praetulit

129 2180 239 2232 Benfl.
265 2193 368 2225 quem
390 2184 472 2216 vid.
497 2186 579 2217 coll.
608 2182 731 2217 Heind.
757 2189 793 2216 et
811 2185 894 2217 Fea.
926 2203 973 2211 —
1000 2197 1031 2218 v.
1055 2184 1112 2230 84.
1148 2186 1245 2219 ubive
1267 2186 1379 2219 Beati.
1404 2191 1447 2217 ex

131 2236 225 2258 com.
249 2227 303 2259 Cf.
326 2228 452 2263 Heind.
478 2235 514 2262 et
535 2229 633 2262 Iahn-
1069 2249 1072 2251 ·
1285 2235 1288 2241 '
