1526 2404
162 178 240 223 158
578 189 620 234 Q·
631 194 634 198 ·
647 189 830 219 nolimu
857 188 1014 226 mmm

153 284 326 336 Pullos,
357 297 460 335 ova,
487 283 639 326 eadum
668 283 836 325 temeti:
862 297 1016 338 nempe
1043 282 1173 326 modo
1198 286 1281 328 isto

154 339 360 378 Paulatim
386 339 585 378 mercaris
613 353 782 393 agrum,
809 338 991 379 fortasse
1017 340 1240 390 trecentis,

154 392 243 431 Aut
277 392 402 431 etiam
436 405 584 445 supra,
614 406 880 431 nummorum
912 391 1093 432 millibus
1118 401 1290 435 emtum.
1402 391 1478 434 165

156 443 270 495 Quid
301 444 460 493 refert,
494 445 610 485 vivas
642 453 859 485 numerato
892 459 1028 499 nuper
1059 459 1110 484 an
1141 444 1270 487 olim?

153 499 306 538 Emtor
338 498 498 537 Aricini
525 498 735 552 quondam
762 498 950 540 Veientis
978 506 1021 539 et
1047 499 1137 540 arvi
1290 544 1300 547 ,

152 552 325 591 Emtum
358 559 508 591 coenat
536 552 651 602 olus,
686 551 872 613 quamvis
905 548 1028 592 alite‘r
1053 560 1203 605 putat3¹
1228 551 1348 594 emtis

154 605 242 644 Sub
270 612 437 644 noctem
466 604 646 658 gelidam
677 605 796 659 hgnis
823 604 1044 645 calefactat
1070 603 1244 659 aenum3

153 658 240 697 Sed
265 665 391 698 vocat
416 672 552 712 usque
579 673 722 708 suum,
756 673 838 712 qua
869 659 1046 713 populus
1075 658 1206 698 adsita
1233 659 1359 701 certIs
1403 673 1477 713 ¹70

151 711 373 751 Limitibus
401 711 535 751 vicina
562 712 724 765 refugit
749 712 908 766 iurgia3
944 719 1140 767 tanquam
1303 718 1306 721 ’

153 765 216 805 Sit
240 765 462 818 proprium
490 765 741 821 quidquam,
768 774 926 818 puncto
956 764 1072 819 quod
1098 765 1264 805 mobilis
1290 764 1445 815 horae,

150 819 269 857 Nunc
289 831 419 871 prece
432 848 443 868 ,
464 832 572 858 nunc
591 818 730 872 pretio
743 849 754 869 ,
775 832 883 858 nunc
903 819 967 868 vi,
988 831 1097 858 nunc
1114 827 1252 859 morte
1265 832 1477 872 suprema,

150 872 375 911 Permutet
402 871 592 920 dominos
620 880 664 911 et
691 871 812 911 cedat
838 872 879 911 in
907 873 1039 912 altera
1069 871 1176 910 iura.

152 924 242 975 Sic,
273 924 370 980 quia
396 921 629 978 Perpetuus
656 925 759 964 nulli
787 925 910 965 datur
935 939 1057 974 usus,
1085 932 1129 963 et
1154 924 1280 965 heres
1401 927 1475 980 175

75 980 81 986 '
149 980 367 1017 Heredem
395 978 565 1017 alterius
591 979 710 1019 velut
735 978 846 1017 unda
877 977 1122 1032 supervenit
1150 979 1330 1031 undam,

151 1032 265 1084 Quid
291 1031 374 1072 vici
422 1040 578 1072 ,rosunt
604 1039 676 1071 aut
704 1031 890 1071 horrea?
919 1032 1074 1087 quidve
1107 1030 1292 1072 Calabris

150 1084 331 1124 Saltibus
360 1099 383 1124 a
413 1085 510 1124 iecti
535 1085 714 1135 Lucani,
742 1084 777 1124 si
803 1086 923 1125 metit
951 1085 1090 1125 Orcus

151 1137 334 1176 Grandia
360 1151 455 1176 cum
482 1139 645 1191 parvis,
676 1152 761 1177 non
790 1138 1014 1178 exorabilis
1046 1135 1185 1178 auro?

150 1191 367 1239 Gemmas,
389 1204 595 1240 marmor,
618 1190 746 1239 ebur,
767 1191 983 1241 Tyrrhena
1004 1191 1164 1243 sigilla,
1184 1189 1373 1240 tabellas,
1399 1191 1472 1231 180

148 1243 408 1297 Argentum,
436 1251 576 1283 vestes
605 1243 784 1282 Gaetulo
811 1243 970 1282 murice
998 1243 1171 1292 tinctas,

150 1296 255 1335 Sunt
282 1296 355 1350 qui
380 1310 464 1335 non
489 1296 692 1339 habeant,
728 1304 791 1335 est
823 1296 895 1349 qui
922 1310 1005 1335 non
1031 1302 1151 1334 curat
1177 1295 1348 1335 habere.

150 1349 238 1388 Cur
266 1352 371 1388 alter
403 1348 583 1388 fratrum
611 1362 774 1388 cessare
804 1356 847 1388 et
873 1349 1020 1387 ludere
1049 1356 1092 1387 et
1117 1348 1218 1401 ungi

147 1401 371 1441 Praeferat
401 1403 585 1442 Herodis
616 1402 806 1455 palmetis
864 1401 1082 1455 inguibus3
1112 1401 1241 1452 alter,

148 1456 280 1496 Dives
308 1463 350 1494 et
378 1456 433 1494 im
466 1463 664 1504 ortunus,
693 1455 743 1501 ad
768 1470 840 1494 um
871 1470 959 1494 ram
985 1455 1088 1505 lucis
1117 1454 1167 1494 ab
1196 1463 1295 1495 ortu
1397 1456 1471 1497 185

150 1509 396 1549 Silvestrem
423 1509 597 1547 lammis
625 1516 668 1547 et
700 1508 820 1549 ferro
848 1508 1009 1561 mitiget
1037 1523 1206 1563 agrum,

149 1563 239 1602 Scit
267 1562 444 1612 Genius,
471 1562 605 1601 natale
633 1574 773 1601 comes
802 1562 874 1617 qui
904 1569 1112 1615 temperat
1139 1568 1319 1614 astrum,
1372 1604 1382 1609 ,

148 1617 331 1655 Naturae
359 1616 476 1654 Deus
504 1615 729 1665 humanae,
761 1615 947 1655 mortalis
975 1615 1015 1665 in
1043 1629 1191 1654 unum-

150 1668 363 1722 Quodque
392 1677 538 1722 caput,
570 1669 691 1709 vultu
717 1669 948 1719 mutabilis,
976 1668 1092 1708 albus
1120 1675 1164 1708 et
1189 1675 1293 1708 ater.

107 1770 109 1772 q
148 1722 274 1771 Utar,
308 1729 350 1760 et
377 1736 427 1761 ex
454 1722 641 1772 modico,
670 1730 878 1775 quantum
895 1736 964 1761 res
990 1729 1162 1775 poscet,
1189 1734 1344 1762 acervo
1393 1732 1468 1775 ¹9⁰
1524 1732 1526 1738 ·

149 1775 334 1824 Tollam,
360 1779 437 1814 n'ec
470 1784 672 1825 metuam,
706 1775 807 1830 quid
839 1775 891 1815 de
919 1789 985 1815 me
1012 1774 1169 1815 iudicet
1198 1774 1345 1826 heres,
1524 1782 1526 1787 ·

150 1828 278 1882 Quod
307 1842 390 1869 non
415 1828 538 1883 plura
565 1829 668 1868 datis
695 1828 922 1870 invenerit:
951 1836 994 1868 et
1019 1835 1157 1868 tamen
1181 1825 1294 1868 idem

148 1999 193 2008 -—
215 1991 253 2013 v.
282 1981 356 2024 167.
381 1977 528 2027 quando
552 1989 619 2024 pro
645 1977 827 2025 quondam
848 1990 938 2012 unus
963 1978 1053 2013 Cod.
1077 1978 1192 2020 Feae3
1221 1976 1281 2010 alii
1304 1974 1462 2008 eiusdem
1518 1971 1526 2008 i

150 2027 331 2072 quoniam.
356 2046 400 2052 -—
421 2038 460 2059 v.
486 2033 563 2067 171.
587 2025 708 2071 refigit
729 2025 840 2057 Bentl.
865 2036 884 2058 e
912 2025 1028 2057 Codd.
1056 2023 1110 2057 Cf.
1133 2024 1226 2063 Fea,
1259 2021 1319 2065 qui
1343 2026 1462 2053 tuetur
1518 2019 1526 2081 ἑ

151 2069 300 2116 refugit.
327 2090 369 2096 —
387 2082 425 2103 v.
454 2072 528 2112 173.
553 2077 667 2102 mot-te
691 2076 744 2102 est
768 2070 886 2103 Codd.
911 2071 1044 2112 lectio,
1079 2067 1142 2102 sed
1196 2067 1344 2099 lurimae
1368 2065 1462 2098 Edd.
1512 2089 1526 2111 κν,

147 2123 256 2149 sorte.
283 2116 364 2149 Vid.
388 2116 502 2148 Bentl.
529 2135 573 2141 —-
595 2127 632 2147 v.
660 2116 735 2158 ¹75·
762 2115 805 2147 Si
824 2115 911 2161 quia
931 2116 1003 2148 Fea
1027 2126 1046 2147 e
1072 2111 1152 2146 Cod
1181 2135 1189 2144 .
1215 2116 1251 2143 et
1268 2116 1352 2143 vett.
1367 2110 1459 2143 Edd.

149 2179 194 2189 ι-
206 2172 244 2193 υ.
262 2163 338 2205 176.
356 2159 526 2193 Her-edem
549 2160 698 2193 alter-nis
716 2159 838 2193 Bentl.
859 2162 1078 2194 coniectura.
1096 2157 1150 2190 Cf.
1164 2157 1246 2189 Fea.
1262 2176 1304 2182 —
1328 2167 1366 2188 v.
1382 2156 1459 2190 182.

150 2212 256 2240 eur-at
278 2207 383 2251 longe
409 2205 551 2251 plurimi
576 2206 771 2250 optimique
798 2205 912 2238 Codd.
938 2203 1019 2238 Vid.
1041 2202 1155 2237 Bentl.
1176 2208 1278 2236 curet
1309 2210 1458 2235 revoca-

149 2257 234 2288 runt
250 2251 355 2288 Both.
376 2250 533 2286 et-Iahn.
557 2261 577 2284 e
601 2251 714 2284 tribus
738 2250 856 2284 Codd.
876 2250 1015 2284 γύαι-ἰ.
