1526 2404
158 156 229 197 162
602 169 641 210 Q,
670 169 855 196 nonu-11
881 169 1036 196 FLAcci

158 263 370 303 Barbarus
383 293 395 314 ‚
414 263 520 303 heu!
550 263 713 303 cineres
731 264 894 305 insistet
914 265 1071 314 victor,
1100 272 1143 304 et
1162 264 1320 305 Urbem

207 319 349 372 Eques
377 325 550 357 sonante
577 317 820 358 verberabit
844 318 1000 372 ungula
1008 332 1020 369 3

154 370 365 432 Quaeque
394 378 539 410 carent
569 371 703 410 ventis
729 379 771 411 et
792 371 974 422 solibus,
1003 385 1099 414 ossa
1114 370 1302 433 Quirini,

206 424 334 463 Nefas
365 424 533 473 videre,
561 424 779 478 dissipabit
807 425 1004 465 insolens.

154 479 301 526 Forte,
329 477 465 532 (quod
484 477 679 531 expediat
689 478 719 530 ἔ)
740 478 1032 530 communiter,
1055 486 1124 519 aut
1135 479 1287 520 melior
1302 492 1399 533 pars
1434 479 1479 520 15

207 531 324 570 Malis
353 545 499 571 carere
523 532 722 586 quaeritis
744 531 991 572 laboribus?

155 585 279 625 Nulla
306 585 359 624 sit
380 585 459 626 hac
478 585 621 638 potior
643 586 868 625 sententia:
890 585 1184 626 Phocaeorum

210 639 341 681 Velut
367 637 562 692 profugit
585 647 803 679 exsecrata
825 639 970 679 civitas

155 692 296 746 Agros
323 699 447 747 atque
469 694 599 731 Lares
621 692 780 746 patrios
794 723 805 743 ‚
826 692 1132 750 habitandaque
1151 692 1249 734 fana

207 745 333 799 Apris
361 746 531 800 reliquit
555 755 597 785 et
622 746 840 799 rapacibus
864 746 996 800 lupis,
1430 755 1482 786 20

162 801 228 839 {re
247 799 378 852 pedes
406 812 660 854 quocunque
686 799 850 850 ferent,
878 814 1130 855 quocunque
1149 813 1228 854 per
1246 799 1378 853 undas

208 855 342 891 Notus
364 852 552 901 vocabit,
582 861 652 892 aut
670 862 897 906 protervus
920 853 1105 892 Africus.

157 906 203 946 Si
223 905 390 960 placet?
420 919 470 945 an
495 906 643 946 melius
662 906 753 968 quis
771 906 899 946 habet
918 905 1126 946 suadere?
1151 905 1334 947 secunda

210 961 362 998 Ratem
382 973 590 1014 occupare
617 960 718 1015 quld
744 974 959 1000 moramur
986 958 1114 1000 alite?
1483 1011 1485 1013 ι

159 1013 246 1053 Sed
267 1013 453 1052 iuremus
471 1013 512 1052 in
540 1013 668 1053 haec:
704 1013 836 1052 Simul
856 1013 947 1053 imis
968 1028 1063 1054 saxa
1082 1014 1269 1054 renarint
1428 1013 1482 1055 25

212 1066 341 1109 Vadis
358 1066 518 1116 levata,
545 1080 599 1106 ne
619 1066 760 1106 redire
787 1067 840 1106 sit
863 1066 1004 1118 nefas3
1174 1074 1176 1078 “

157 1121 253 1160 Neu
272 1133 476 1158 conversa
497 1119 668 1158 domum
686 1120 829 1173 pigeat
858 1120 959 1160 dare
980 1121 1129 1172 lintea,
1155 1119 1322 1176 quando

211 1172 351 1212 Padus
371 1172 523 1211 Matina
540 1173 689 1212 laverit
707 1174 937 1224 cacumina3
1208 1220 1217 1226 ,

159 1227 206 1266 In
226 1238 342 1269 mare
363 1238 440 1264 seu
460 1225 595 1264 celsus
615 1227 859 1278 proruperit
879 1226 1145 1278 Apenninus;

212 1280 416 1332 Novaque
441 1286 626 1317 monstra
648 1278 832 1318 iunxerit
852 1278 1021 1318 libidine
1429 1279 1481 1320 3ο

159 1332 289 1373 Mirus
310 1345 444 1381 amor,
463 1331 580 1370 iuvet
599 1339 645 1370 ut
663 1332 792 1386 tigres
813 1331 1032 1373 subsidere
1056 1332 1192 1373 cervis
1204 1361 1217 1384 ‚

213 1385 491 1424 Adulteretur
517 1392 560 1423 et
584 1385 775 1424 columba
800 1385 952 1434 miluo,

164 1438 351 1479 Credula
375 1451 454 1477 nec
475 1451 599 1477 ravos
619 1438 790 1477 timeant
809 1446 994 1477 armenta
1014 1439 1183 1490 leones,

214 1493 423 1545 Ametque
449 1491 554 1530 salsa
577 1490 681 1530 levis
708 1491 847 1531 hircus
877 1505 925 1531 ae
986 1505 1073 1532 ora.

165 1546 306 1595 Haec,
336 1552 379 1583 et
405 1558 512 1598 (suae
530 1552 730 1597 poterunt
749 1545 909 1584 reditus
928 1506 1174 1586 (Escindere
1201 1542 1372 1597 dulces,
1425 1544 1482 1588 35

214 1599 369 1637 Eamus
396 1597 528 1637 omnis
562 1606 775 1637 exsecrata
802 1598 968 1648 civitas,

162 1652 250 1691 Aut
266 1665 363 1705 pars
380 1650 551 1690 indocili
568 1651 719 1690 melior
737 1665 892 1714 grege3
919 1651 1056 1692 mollis
1076 1659 1119 1692 et
1138 1664 1286 1705 exspes

216 1704 441 1744 Inominata
459 1704 688 1757 perprimat
707 1704 868 1745 cuhiha.

164 1856 209 1864 -
232 1850 263 1870 v.
282 1838 333 1872 15.
356 1838 413 1872 Ita
438 1837 531 1869 coni.
557 1836 759 1880 Rutgersius
782 1838 961 1882 probante
983 1838 1167 1880 Bentleio‚
1194 1839 1394 1882 eodemque
1415 1837 1481 1871 du-

175 1889 261 1917 cunt
283 1882 355 1918 duo
382 1882 498 1914 Codd.
514 1882 613 1913 Rom.
641 1888 677 1915 et
700 1882 766 1916 Ed.
791 1883 870 1915 Ald.
894 1885 989 1918 1501.
1013 1886 1048 1916 in
1074 1884 1200 1928 quibus
1224 1891 1278 1919 est
1302 1882 1403 1930 quod
1423 1882 1481 1918 ex*-

162 1927 287 1974 pediet.
313 1929 450 1970 Vulgo:
487 1925 576 1972 quid
598 1926 767 1972 expediat.
794 1927 876 1962 Vid.
898 1928 1020 1961 Bentl.
1041 1935 1078 1962 et
1103 1928 1205 1961 Both.
1232 1930 1414 1962 Annotatt.
1437 1946 1483 1953 —

166 1986 194 2005 v.
228 1975 279 2007 16.
311 1974 368 2007 Ita
392 1971 514 2005 Schol.
543 1969 652 2015 Cruq.
678 1974 875 2017 Pleraeque
901 1973 993 2008 Edd.
1019 1975 1189 2008 omittunt
1212 1975 1347 2017 signum
1372 1975 1482 2008 inter-

164 2017 328 2062 rogandi.
347 2037 392 2043 —
429 2029 461 2049 v.
499 2027 550 2060 19.
570 2019 735 2068 proprios
768 2029 842 2062 pro,
868 2021 1003 2064 patrios
1037 2019 1127 2051 Edd.
1160 2025 1244 2052 vett.
1274 2019 1414 2052 Mitsch.
1438 2035 1484 2044 —

167 2076 199 2096 v.
246 2074 300 2107 29.
333 2064 536 2109 proruperit
575 2062 648 2096 Fea
692 2075 710 2096 e
749 2065 911 2107 pluribus
950 2063 1068 2100 Codd.
1111 2065 1214 2107 vulg.
1252 2065 1482 2110 procurrerit.

165 2127 211 2134 —
234 2122 265 2141 v.
291 2111 345 2142 32.
379 2108 484 2140 miluo
517 2109 684 2140 meliores
713 2106 832 2143 Codd.
862 2115 898 2142 et
920 2109 1009 2142 Edd.
1036 2114 1123 2142 vett.
1153 2110 1223 2141 Alii
1246 2110 1371 2143 milvio.
1399 2107 1482 2143 Vid.

167 2155 336 2187 Torrent.
360 2159 398 2186 et
418 2151 528 2186 Both.
553 2153 737 2186 Annotatt.
766 2172 811 2179 —
842 2167 872 2187 v.
899 2156 953 2188 33.
985 2166 1089 2187 ravos
1122 2153 1244 2187 Bentl.
1279 2166 1321 2187 ex
1346 2155 1484 2199 aliquot

168 2198 289 2234 Codd.
316 2199 424 2242 Cruq.
449 2197 503 2230 Cf.
532 2198 672 2231 Mitsch.
707 2197 755 2233 ad
780 2198 850 2234 Od.
875 2200 950 2241 ΙΙΙ,
976 2210 1040 2243 27,
1066 2200 1098 2233 3.
1120 2198 1249 2244 fulvos
1274 2197 1392 2235 Codd.
1417 2199 1482 2233 ali·

170 2251 263 2290 quot
287 2244 446 2279 Lambin.
473 2248 508 2276 et
533 2243 805 2288 Bcrsm.slavos
828 2246 1005 2289 plerique.
1030 2242 1086 2279 Cf.
1111 2244 1192 2279 Fea.
