1526 2404
461 192 766 222 nris-roxanem
791 191 879 218 un.
898 179 928 217 1.
954 193 987 217 ι.
1311 195 1380 222 non

15 334 18 337 Α
68 291 212 333 Prima
237 287 349 332 dicte
373 287 499 339 mihi,
528 301 688 328 summa
713 282 891 326 dicende
918 284 1121 335 Camena,

0 350 3 355 ’
67 345 309 398 Spectatum
335 343 454 392 satis„
482 349 525 382 et
552 341 750 380 donatum
775 339 858 378 iam
884 337 1015 388 rude,
1104 339 1234 391 aex-is,

67 399 307 448 Maecenas,
330 396 485 436 iterum
514 393 682 447 antiquo
710 406 779 435 me
804 391 1020 431 includere
1063 391 1164 432 udo.

65 452 160 490 Non
188 450 335 490 eadem
363 457 426 489 est
454 456 588 495 aetas,
613 460 697 486 non
722 458 852 485 mens.
881 444 1102 495 Veianius,
1128 446 1252 486 armis

64 503 259 544 Herculis
288 503 341 542 ad
368 509 536 555 postem
562 499 674 549 fixis,
700 499 804 538 latet
830 497 994 538 abditus
1022 512 1150 552 agro,
1355 502 1384 542 5

62 557 128 596 Ne
154 570 211 610 po
243 557 359 595 ulum
385 563 571 594 extrema
595 553 720 594 toties
749 559 899 591 exoret
922 564 1060 591 arena.

65 610 145 649 Est
170 624 211 648 m
258 609 271 647 i
296 615 517 662 pm‘gatam
548 605 802 660 crebro-qui
825 612 1028 658 personet
1055 618 1223 647 aurem:

65 661 195 702 Solve
223 669 510 701 senescentem
536 667 700 699 mature
726 671 848 697 sanus
876 667 1054 712 equum,
1081 672 1135 699 ne

62 716 223 754 Peccet
250 714 304 754 ad
330 722 564 754 extremum
584 711 805 761 ridendus,
832 720 876 751 et
900 711 971 750 ilia
997 711 1135 751 ducat.

63 769 184 807 Nunc
211 767 355 822 itaque
384 774 428 807 et
453 780 597 806 versus
630 773 674 804 et
702 773 844 804 cetera
870 764 1031 805 ludicra
1056 778 1194 818 pono3
1333 779 1381 807 ιο

64 820 181 883 Quid
195 833 356 866 >verum
383 827 511 875 atque
538 818 693 858 decens
731 831 835 858 curo
865 826 907 858 et
941 831 1074 871 rogo,
1104 826 1148 858 et
1183 819 1316 859 omnis
1337 820 1379 859 in

235 900 238 903 .
851 870 935 910 hoc
962 885 1076 922 sum3

64 925 213 966 Condo
240 934 285 968 et
309 939 543 979 compono,
571 937 683 979 quae
706 937 806 963 mox
832 923 1086 977 depromere
1110 922 1279 977 possim.

64 979 128 1018 Ac
154 993 208 1019 ne
236 979 351 1019 forte
379 991 528 1032 roge3‚
557 991 642 1032 quo
670 990 740 1016 me
770 976 903 1027 duce,
931 991 1015 1039 ‘1¹¹⁰
1043 977 1132 1016 lare
1159 984 1295 1018 tuter:

30 1032 33 1034 ’
60 1032 223 1071 Nullius
250 1032 438 1072 addictus
464 1032 603 1070 iurare
631 1031 674 1070 in
698 1029 829 1070 verba
854 1030 1065 1084 magistri,

62 1083 161 1141 Quo
188 1099 257 1125 me
290 1098 455 1140 cunque
480 1084 590 1137 rapit
614 1091 862 1137 tempestas,
899 1083 1077 1123 deferor
1102 1081 1270 1138 hospes.
1332 1084 1380 1124 15

60 1139 181 1178 Nunc
209 1137 326 1192 agilis
354 1136 414 1178 fio
441 1145 485 1177 et
509 1143 673 1176 mersor
700 1135 890 1175 civilibus
917 1136 1062 1190 undis,

60 1190 239 1231 Virtutis
265 1204 394 1231 verae
421 1198 561 1230 custos
588 1190 832 1244 rigidusque
860 1190 1050 1241 satelles3

61 1245 182 1283 Nunc
208 1243 251 1283 in
276 1244 480 1298 Aristippi
504 1242 652 1282 furtim
678 1250 904 1296 praecepta
930 1243 1123 1295 relabor,

57 1296 116 1335 Et
141 1296 242 1338 mihi
267 1311 360 1348 res,
381 1311 465 1336 non
491 1309 559 1335 me
588 1295 715 1335 rebus
744 1295 998 1349 subiungere
1025 1310 1168 1336 conor.

58 1349 116 1388 Ut
141 1363 222 1389 nox
246 1350 395 1404 longa,
422 1349 574 1405 quibus
590 1349 800 1388 mentitur
827 1349 979 1399 amica,
1017 1350 1193 1406 diesque
1325 1363 1377 1391 20

58 1395 192 1441 Lenta
221 1403 389 1443 videtur
416 1417 520 1456 opus
551 1401 821 1452 debentibus3
849 1410 897 1441 ut
922 1402 1046 1457 piger
1073 1417 1201 1442 annus

57 1454 258 1507 Pupillis,
287 1470 392 1510 quos
421 1456 527 1494 dura
550 1455 704 1509 premit
731 1454 929 1494 custodia*
948 1465 1150 1496 matrum:

61 1506 132 1546 Sic
153 1507 255 1547 mihi
279 1509 396 1548 tarda
419 1507 553 1548 fluunt
579 1509 740 1562 ingrata
769 1521 823 1546 ue
850 1515 1064 1562 tempora,
1095 1523 1203 1564 quae
1230 1522 1349 1562 spem

62 1559 376 1615 Consiliumque
403 1570 618 1600 morantur
646 1523 795 1614 agedlli
824 1562 1015 1613 gnaviter
1040 1562 1106 1611 id,
1134 1562 1250 1616 quod

59 1611 210 1666 Aeque
237 1613 491 1665 pauperibus
517 1613 715 1666 prodest,
739 1613 1021 1664 locupletibus
1050 1629 1208 1668 aeque,
1324 1616 1376 1656 25

60 1663 210 1719 Aeque
238 1666 477 1719 neglectum
500 1665 641 1719 pueris
671 1664 923 1718 senibusque
952 1667 1132 1706 nocebit.

61 1717 229 1766 Restat,
255 1726 303 1756 ut
328 1717 391 1758 his
423 1732 504 1772 ego
533 1732 600 1757 me
618 1718 708 1771 ipse
734 1731 879 1770 regam
906 1719 1104 1773 solerque
1134 1718 1374 1760 elementis:

58 1770 153 1809 Non
179 1771 313 1822 possis
339 1772 484 1810 oculos
513 1779 711 1825 quantum
739 1770 994 1811 contendere
1021 1774 1235 1823 Lymceus,
1386 1777 1390 1781 ’

59 1823 154 1862 Non
179 1831 318 1862 tamen
344 1824 501 1863 idcirco
530 1831 767 1862 contemnas
795 1822 931 1876 lippus
957 1825 1120 1879 inungi3

64 1877 175 1926 Nec,
204 1876 302 1931 quia
328 1876 528 1930 desperes
555 1875 697 1916 invicti
722 1876 910 1940 membra
946 1877 1165 1931 GlyconiS‚
1320 1878 1374 1919 30

127 1988 155 2019 1.
178 2000 209 2020 v.
233 1991 266 2022 3.
299 1987 463 2021 inducere
483 1985 569 2019 ludo
594 1987 710 2020 Codd.
728 1988 857 2020 Bet-sm.
881 1985 1024 2020 reddere
1044 1987 1131 2021 ludo
1154 1989 1244 2023 Cod.
1266 1990 1368 2024 Feae.

59 2031 222 2065 Eiusdem
246 2034 336 2067 Cod.
362 2045 451 2066 unus
476 2044 555 2065 cum
578 2033 851 2075 interrogatione
873 2043 1010 2065 versum
1029 2034 1178 2078 prosert-
1200 2053 1247 2060 —-
1269 2047 1300 2067 v.
1320 2037 1371 2069 16.

60 2087 177 2110 versor·
202 2090 221 2110 e
239 2078 354 2111 Codd.
373 2084 407 2111 et
427 2083 508 2111 vett.
525 2077 614 2109 Edd.
635 2077 834 2111 Lambinus.
856 2077 909 2109 Cf.
926 2078 1008 2110 Fea·
1034 2099 1077 2104 —
1100 2091 1131 2111 v.
1151 2090 1203 2123 19.
1225 2080 1371 2113 submit·

60 2128 129 2153 tere
158 2133 267 2154 conor·
311 2125 403 2156 lures
425 2121 539 2155 Codd.
563 2127 598 2154 et
616 2127 697 2154 vett.
721 2121 810 2154 Edd.
834 2122 914 2154 Vid.
940 2123 1021 2156 Fea.
1052 2143 1098 2150 —
1129 2137 1160 2156 v.
1185 2136 1239 2157 21.
1275 2126 1371 2157 lenta

60 2175 102 2198 ex
119 2176 191 2198 uuo
217 2168 268 2199 Co
299 2193 307 2199 .
324 2169 436 2201 Bentl.
456 2168 559 2210 Vulg.
585 2167 716 2209 longa,
740 2166 836 2211 quod
858 2172 999 2199 tuentur
1026 2169 1095 2202 Fea
1127 2175 1162 2202 et
1192 2170 1370 2202 obbarius

59 2207 118 2250 (m
162 2211 314 2244 eculiari
333 2213 441 2245 huius·
466 2213 569 2257 epist.
592 2211 756 2243 editione.
781 2210 1009 2245 Budolstadt.
1035 2217 1165 2256 [8223.
1189 2234 1232 2239 —
1257 2227 1287 2246 v.
1314 2216 1371 2247 28.

59 2264 102 2285 oc
163 2266 180 2285 s
193 2257 351 2289 Lambin.
367 2269 456 2290 unus
473 2256 562 2289 eod.
583 2257 693 2289 oculis·
711 2257 799 2289 alius
820 2257 921 2290 Fene.
942 2257 1023 2290 vid.
1043 2259 1153 2291 Bentl.
1171 2265 1206 2292 et
1223 2260 1303 2292 Fea.
