1526 2404
98 122 124 162 6
546 136 587 175 ρ.
618 135 800 161 norm-1⁸11
830 136 984 163 uacci

98 226 173 267 sed
200 227 332 267 multo
363 227 494 280 magis
510 254 520 274 ,
551 227 748 268 extremis
786 227 973 280 judiciis,
1002 230 1072 269 tali
1100 231 1153 271 ad
1179 231 1418 286 Augustum

98 294 262 349 elogioz
299 295 512 334 Horatii
547 295 753 348 Flacci,
791 305 848 336 ut
887 298 1012 342 mei,
1053 308 1169 341 esto
1206 315 1418 342 memor.

95 362 312 417 Augustus
351 363 623 418 epistolarum
658 379 830 421 quoque
870 367 909 405 ei
948 365 1136 408 officium
1166 368 1344 421 obtulit,
1372 378 1420 410 ut

94 431 176 472 hoc
221 434 273 473 ad
317 435 602 473 Maecenatem
647 433 805 487 scripto
849 434 1072 489 significat:
1121 438 1275 479 Ante*
1299 440 1417 494 ipse

94 498 435 541 sufficiebam
463 502 768 549 scribendis
808 504 1063 557 epistolis
1105 507 1417 559 amicorum3

39 569 43 570 ⁷
93 583 228 609 nunc
266 572 720 626 occupatissimus
765 580 816 612 et
855 572 1106 613 infirmus
1135 575 1418 616 Horatium

92 647 332 678 nostrum
372 649 423 679 te
471 640 630 694 cupio
664 640 946 683 adducere.
1000 643 1198 684 Veniet
1247 643 1419 698 igitur

57 749 61 752 s
93 708 152 748 ab
182 709 286 749 ista
311 711 606 763 parasitica
642 725 816 750 mensa
835 712 896 750 ad
936 711 1066 750 hanc
1100 712 1327 766 regiam,
1365 721 1418 753 et

89 795 182 820 nos
211 781 258 819 in
290 781 546 834 epistolis
580 780 888 835 scribendis
925 780 1215 834 adjuvabit.
1270 781 1334 822 Ac
1362 796 1416 826 ne

89 850 299 890 recusanti
327 849 498 905 quidem
526 858 596 888 aut
631 850 870 907 succensuit
905 850 1155 906 quidquam,
1183 859 1254 891 aut
1279 852 1417 891 amici-

87 919 187 959 tiam
214 933 330 958 suam
356 918 552 972 ingerere
581 917 718 957 desiit.
755 919 929 958 Exstant
957 919 1188 973 epistolae,
1219 933 1243 960 e
1265 921 1415 976 quihus

89 988 325 1043 argumenti
353 987 486 1040 gratia
510 999 644 1040 pauca
673 987 856 1040 subjeci:
887 989 1040 1028 Sume
1076 988 1180 1030 tibi
1208 991 1413 1047 aliqu‘id

88 1057 223 1110 juris
261 1055 401 1109 apud
435 1069 535 1105 me,
582 1062 832 1110 tanquam
881 1057 925 1095 si
962 1059 1252 1099 convictor
1289 1060 1415 1101 mihi

86 1125 281 1165 fueris:
326 1133 478 1164 recte
522 1125 656 1164 enim
701 1130 753 1162 et
795 1137 897 1163 non
933 1133 1139 1166 temere
1183 1126 1413 1168 feceris:

89 1194 335 1250 quoniam
373 1192 570 1232 idusus
615 1192 742 1230 mihi
779 1200 955 1231 tecum
1002 1206 1119 1232 esse
1155 1195 1328 1247 volui,
1370 1197 1414 1236 si

85 1275 181 1317 per
209 1260 579 1311 valetudinem
601 1267 739 1299 tuam
773 1259 1199 1315 fieripotuisset.
1239 1264 1297 1302 Et
1320 1278 1414 1303 rur-

86 1346 177 1372 sus:
205 1331 304 1370 Tui
340 1330 552 1385 qualem
590 1327 808 1368 habeam
852 1332 1158 1371 memoriam
1198 1333 1412 1386 poteris

86 1414 147 1440 ex
177 1399 429 1452 Septimio
463 1410 675 1453 quoque
704 1404 893 1436 nostro
918 1399 1261 1452 audire3nam
1283 1402 1409 1442 inci-

85 1468 184 1519 dit,
212 1467 392 1507 utillo
422 1480 598 1506 coram
626 1464 797 1505 fieret
821 1481 845 1505 a
868 1481 945 1506 me
971 1468 1050 1507 tui
1078 1471 1288 1510 mentio.
1317 1472 1410 1512 Ne-

83 1552 185 1595 que
214 1538 371 1587 enim,
411 1536 454 1576 si
480 1546 536 1577 tu
563 1535 831 1587 superbus
861 1536 1150 1578 am'icitiam
1176 1547 1408 1580 nostram

83 1605 370 1660 sprevisti,
407 1605 530 1644 ideo
571 1617 665 1644 nos
707 1618 921 1659 quoque
963 1603 1409 1660 οἱνθυπερφρονοῦμεν.

81 1674 311 1714 Praeterea
338 1687 465 1728 saepe
495 1687 591 1713 eum
618 1671 728 1711 inter
767 1672 868 1712 alios
907 1673 1025 1725 jocos
1066 1676 1409 1730 putissimum

80 1754 294 1794 penem,
324 1751 374 1782 et
401 1742 808 1782 homuncionem
837 1741 1236 1796 lepidissimum
1265 1745 1409 1798 appel-

80 1811 202 1862 lavit,
222 1826 388 1867 unaque
416 1821 460 1852 et
488 1813 620 1852 altera
647 1811 898 1851 liberalitate
928 1812 1214 1868 locupletavit.
1241 1813 1407 1867 Scripta

62 1869 250 1937 ‘quidem
278 1882 366 1922 eius
393 1895 527 1936 usque
557 1881 661 1922 adeo
690 1868 910 1936 probavit,
950 1895 1226 1937 mansuraque
1254 1895 1408 1936 perpe-

79 1957 153 1990 tuo
177 1951 366 2004 opinatus
396 1959 482 2001 est,
510 1958 558 1990 ut
585 1963 669 1990 non
697 1949 824 1989 modo
855 1950 1069 1991 saeculare
1097 1965 1265 1991 carmen
1293 1965 1406 2002 com-

79 2019 320 2074 ponendum
365 2017 616 2072 injunxerit,
665 2018 741 2057 sed
789 2025 831 2058 et
877 2018 1139 2061 vindelicam
1185 2019 1404 2059 victoriam

79 2087 239 2127 Tiberii
266 2088 480 2143 Drusique
517 2087 808 2142 privignorum
845 2100 1261 2142 suorum3=eumque
1308 2089 1404 2126 co&-

79 2155 190 2210 gerit
211 2164 390 2210 propter
419 2154 502 2196 hoc
537 2156 671 2196 tribus
707 2156 935 2197 carminum
959 2155 1082 2196 libris
1104 2169 1158 2196 ex
1187 2155 1316 2209 longo
1343 2154 1402 2193 in-
