1526 2404
507 187 744 215 sannionum
771 186 856 213 mn.
883 173 930 213 Π.
956 173 997 216 3.
1358 173 1410 213 66

96 283 258 338 Accipe
285 281 404 340 quod
427 294 638 336 nunquam
663 279 816 320 reddas
843 278 966 330 mihi,
991 278 1028 318 si
1051 277 1131 319 tibi
1156 279 1315 333 dicam„

98 334 220 378 'Pune
246 337 410 377 insanus
436 336 541 383 eris,
569 334 604 374 si
636 335 872 387 acceperis,
896 347 950 375 an
976 333 1108 386 magis
1134 347 1305 387 excors,

98 391 276 430 Reiecta
302 388 482 443 praeda,
511 401 636 449 quam
661 400 859 441 praesens
885 387 1119 426 Mercurius
1144 386 1262 427 fert?

99 442 247 484 Scribe
273 442 422 483 decem
451 456 474 481 a
499 441 648 480 herio:
675 453 758 480 non
785 449 849 480 est
875 439 995 490 satis3
1023 439 1131 479 adde
1159 440 1331 481 Cicutae

98 488 258 536 Nodosi
283 496 444 536 tabulas
471 493 801 544 centum3.mille
829 493 936 534 adde
965 494 1155 533 catenas:
1357 507 1411 545 70

96 548 289 603 Effugiet
314 557 453 588 tamen
477 548 582 586 haec
607 547 835 587 sceleratus
860 546 1024 586 vincula
1051 548 1235 586 Proteus
1387 552 1390 555 '

142 617 242 642 uum
268 602 405 655 rapies
434 601 476 640 in
502 601 565 640 ius
594 600 711 640 malis
737 600 945 641 ridentem
973 598 1139 651 alienis,

96 655 126 695 1«
135 656 195 700 iet
220 668 345 709 aper,
371 653 500 694 modo
525 652 636 705 avis,
668 653 797 694 modo
828 667 994 745 31111ιῖ1,
1018 661 1085 705 et,
1113 667 1243 709 quum
1273 651 1412 704 volet,

884 720 930 745 ar
960 720 1025 746 or.

101 761 149 802 Si
176 761 285 801 male
310 775 403 802 rem
428 773 582 815 gerere
608 757 759 809 insani,
787 767 932 799 contra
958 758 1069 798 bene
1092 759 1179 799 sani
1202 767 1289 810 est,

97 814 290 855 Putidius
319 815 451 854 multo
479 812 701 857 cerebrum
728 820 793 851 est
822 812 922 851 mihi
949 812 1100 862 crede,
1125 813 1275 852 Perilli
1358 813 1412 866 75

98 865 326 918 metantis,
353 867 469 923 quod
493 875 542 907 tu
568 879 779 920 nunquam
803 865 1040 905 rescribere
1066 866 1215 918 possis.

97 921 261 961 Audire
288 929 412 976 atque
439 929 582 974 togam
608 919 733 958 iubeo
760 931 855 958 com
887 931 1040 969 onere,
1067 918 1253 974 quisquis

98 971 338 1014 Ambitione
368 974 476 1012 mala
503 980 574 1012 aut
602 971 763 1026 argenti
788 972 858 1025 pal
876 979 920 1011 et
946 984 1111 1022 amore3

102 1026 301 1088 Quisquis
329 1026 493 1066 luxuria
515 1025 708 1079 tristique
734 1024 1029 1078 superstitione
1039 1054 1067 1085 ‚-

28 1091 35 1105 ·
97 1079 185 1119 Aut
210 1081 290 1119 aho
317 1080 465 1120 mentis
492 1077 644 1119 morbo
670 1078 798 1129 calet3
825 1077 910 1117 huc
943 1090 1118 1139 propius
1143 1089 1238 1130 me,
1356 1077 1411 1120 80

97 1133 212 1172 Dum
240 1132 375 1173 doceo
401 1131 583 1172 insanire
606 1144 749 1170 omnes
779 1143 853 1171 vos
867 1160 880 1181 ,
907 1130 1054 1171 ordine
1073 1130 1200 1176 adite.

98 1185 248 1225 Danda
274 1193 338 1225 oet
363 1185 543 1225 ellebori
566 1184 699 1224 multo
726 1197 823 1237 pars
850 1184 1027 1223 maxima
1056 1183 1214 1224 avaris:

95 1238 248 1278 Nescio
277 1252 328 1278 an
356 1239 593 1291 Anticyram
619 1237 726 1276 ratio
759 1236 839 1276 illis
866 1237 1048 1277 destinet
1073 1250 1254 1281 omnem.
1323 1278 1332 1284 ,

100 1292 294 1331 Heredes
321 1291 489 1331 Staberi
513 1305 714 1331 summam
739 1290 925 1330 incidere
952 1290 1172 1343 sepulcr03

96 1345 150 1384 Ni
176 1345 236 1384 sic
261 1344 483 1394 fecissent,
512 1344 788 1398 gladiatorum
815 1343 916 1383 dare
955 1351 1124 1383 centum
1357 1343 1412 1383 85

97 1398 291 1437 Damnati
314 1398 473 1451 populo
500 1397 637 1451 paria,
664 1404 790 1450 atque
819 1397 988 1452 epulum
1016 1396 1187 1437 arbitrio
1214 1395 1339 1446 Arri,

98 1450 315 1490 Frumenti
370 1459 540 1490 uantum
566 1450 684 1489 metit
711 1449 868 1488 Africa.
896 1450 995 1489 Sive
1023 1463 1103 1503 ego
1131 1463 1264 1503 prave

99 1502 188 1542 Seu
211 1506 329 1542 recte
387 1517 438 1543 oc
465 1503 602 1553 volui,
628 1517 681 1542 ne
709 1503 763 1542 sis
789 1510 962 1555 pau-uus
989 1502 1102 1542 mihi.
1137 1503 1302 1553 Credo,

99 1557 195 1594 Hoc
223 1554 388 1594 Staberi
412 1557 663 1609 prudentem
691 1556 871 1594 animum
898 1556 1064 1595 vidisse.
1093 1556 1209 1617 Quid
1237 1569 1342 1610 ergo

101 1607 260 1657 Sensit,
289 1622 418 1662 quum
445 1622 642 1647 summam
667 1608 890 1661 patrimoni
920 1609 1156 1662 insculpere
1183 1622 1281 1648 saxo
1358 1621 1411 1663 qo

100 1661 294 1700 Heredes
322 1660 484 1700 voluit?
512 1661 666 1719 Quoad
691 1660 815 1710 vixit,
843 1662 1020 1701 credidit
1054 1663 1200 1716 ingens

100 1713 353 1767 Pauperiem
379 1714 550 1763 vitium,
578 1722 622 1753 et
649 1714 758 1753 cavit
783 1713 884 1751 nihil
911 1715 1066 1765 acrius3
1093 1723 1140 1754 ut
1166 1715 1201 1754 si

99 1767 231 1807 Forte
261 1766 394 1805 minus
421 1766 609 1819 locuples
635 1781 719 1806 uno
746 1767 974 1821 quadrante
1000 1768 1200 1820 perisset,

100 1821 119 1858 1
150 1834 195 1859 se
222 1819 439 1861 videretur
466 1818 544 1858 sibi
569 1833 622 1858 ne
684 1820 757 1858 ’or.
787 1819 932 1859 Omnis
961 1821 1070 1860 enim
1095 1835 1187 1869 res,

142 1873 270 1923 irtus,
291 1871 424 1922 fama,
453 1872 604 1923 decus,
663 1872 767 1911 ‘vina
794 1871 1053 1928 humanaque
1107 1872 1265 1914 ulchris
1356 1872 1410 1925 95

100 1925 266 1966 Divitiis
291 1933 464 1979 parent,
491 1938 593 1981 quas
622 1925 695 1980 qui
720 1927 1020 1980 construxerit,
1050 1927 1059 1935 '
1094 1940 1118 1967 e
1475 1927 1479 1932 '

101 2081 149 2091 —-
175 2077 213 2099 v.
235 2076 288 2109 72.
323 2067 361 2099 in
380 2068 461 2100 iura
489 2066 589 2100 malis
622 2066 736 2100 Codd.
760 2068 926 2100 Torrent.
952 2065 1034 2099 vid.
1059 2064 1182 2099 Heind.
1219 2082 1264 2092 —-
1294 2077 1333 2098 v.
1350 2064 1407 2108 89.

102 2110 240 2143 insusse
264 2122 329 2156 pro
347 2112 467 2144 vidisse
490 2113 649 2145 Lambin.
674 2112 744 2145 Sed
759 2113 812 2144 Cf.
831 2111 930 2145 Both.
949 2111 1126 2145 Annotatt.
1150 2130 1197 2138 -
1216 2123 1253 2144 v.
1270 2112 1327 2154 93.
1346 2123 1405 2154 pe-

103 2155 190 2188 nm
210 2156 382 2200 plurimae
403 2157 492 2190 Edd.
537 2157 608 2191 Sed
630 2157 711 2191 vid.
733 2158 843 2191 Bentl.
880 2173 927 2183 —-
957 2166 994 2190 v.
1014 2158 1072 2201 96.
1102 2159 1168 2202 qui
1194 2156 1409 2190 contraxerit

102 2199 203 2232 multi
225 2199 339 2234 Codd.
360 2201 415 2236 cf.
442 2203 553 2236 Bentl-

144 2270 266 2304 Horat.
279 2267 324 2305 11.
999 2310 1003 2313 .
1097 2262 1123 2303 5
