1526 2404
140 136 211 178 162
577 149 618 190 ρ.
647 148 832 176 nona-ni
863 147 1020 175 nacci

136 243 358 284 Obscurus
387 241 468 293 fio3
495 248 724 282 sectantem
750 241 860 282 lenia
887 241 1008 283 nervi
1038 270 1045 274 -

138 295 352 337 Deficiunt
381 295 611 350 animiqu03
638 294 861 349 professus
919 294 1061 336 randia
1090 303 1258 350 turget3

137 350 281 404 Serpit
307 350 425 389 humi
451 357 566 389 tutus
595 349 766 388 nimium
792 349 883 388 timi
913 363 1050 404 usque
1075 350 1316 403 procellae3

136 404 224 496 (gui
254 405 416 444 variare
445 402 561 464 cupit
585 415 677 442 rem
705 402 999 456 prodigialiter
1027 416 1174 453 unam,

136 459 152 496 l
180 457 394 511 elphinum
421 457 534 496 silvis
563 470 585 494 a
617 455 777 509 pingit,
809 454 1008 495 fluetibus
1035 469 1196 510 aprum.
1412 456 1467 496 30

135 512 182 550 In
212 511 359 551 vitium
387 509 504 550 ducit
533 470 684 562 cuppae
711 508 837 563 fuga,
867 509 902 548 si
931 517 1047 548 caret
1075 516 1180 548 arte.

137 564 364 604 Aemilium
393 563 505 603 circa
531 562 678 602 ludum
708 562 831 602 faber
860 563 966 603 imus
999 570 1044 602 et
1071 574 1235 624 ungues

137 618 382 681 Exprimet‚
413 625 456 657 et
486 616 639 656 molles
663 615 894 655 imitabitur
922 629 1020 655 aere
1053 616 1250 669 capillos,

137 671 288 711 Infelix
317 670 458 724 operis
487 684 670 718 summa,
698 669 795 724 quia
821 682 985 723 ponere
1011 676 1150 709 totum

136 724 320 764 Nesciet.
352 725 477 764 Hunc
503 736 586 776 ego
615 736 708 773 me,
735 722 770 761 si
799 723 901 777 quid
932 735 1190 775 componere
1219 733 1386 771 curem,
1413 720 1466 762 35

137 779 233 817 Non
260 791 327 816 ma
362 777 392 817 's
421 790 514 817 esse
543 775 695 825 velim,
722 790 847 831 quam
874 788 975 814 naso
1004 777 1151 815 vivere
1178 788 1338 828 pravo,

139 830 320 884 Spectan
353 845 424 870 um
451 830 582 884 nigris
612 829 746 869 oculis
774 829 984 884 nigroque
1015 827 1180 881 capillo.

139 884 302 924 Sumite
330 884 547 924 materiam
574 882 752 932 vestris,
784 883 857 937 qui
884 881 1087 932 scribitis,
1115 895 1292 936 aequam

139 937 335 988 vii-ihm,
365 945 409 979 et
435 943 603 977 versate
633 935 730 985 diu,
762 937 865 990 quid
890 934 1009 975 ferre
1038 942 1259 984 recusent,
1342 976 1346 981 ,

139 989 254 1043 Quid
285 991 450 1031 valeant
476 989 654 1029 humeri.
682 989 764 1028 Cui
792 990 901 1029 lecta
931 996 1130 1043 potenter
1158 987 1239 1027 erit
1267 1000 1361 1038 res,
1416 992 1470 1035 4ο

138 1046 228 1084 Nec
255 1044 450 1084 facundia
479 1044 650 1082 deseret
678 1042 816 1092 hunc,
844 1056 924 1082 nec
947 1042 1111 1081 lucidus
1141 1040 1265 1081 ordo.

139 1096 312 1137 Ordinis
340 1098 446 1137 haec
475 1096 609 1136 virtus
640 1096 723 1136 erit
750 1105 794 1136 et
821 1110 976 1144 venus,
1004 1103 1076 1134 aut
1103 1109 1185 1150 ego
1213 1093 1363 1142 fallor,

139 1151 196 1190 Ut
223 1151 304 1190 iam
332 1164 442 1190 nunc
472 1150 582 1188 dicat
609 1149 690 1188 iam
717 1162 826 1188 nunc
855 1149 1053 1188 debentia
1082 1148 1187 1198 dici,

138 1205 263 1243 Plera
296 1218 350 1243 ue
379 1202 553 1242 differat
581 1209 625 1241 et
651 1215 851 1254 praesens
876 1201 918 1239 in
945 1209 1112 1253 tempus
1143 1199 1321 1240 omittat.

138 1258 183 1296 In
212 1271 288 1298 ver
319 1257 352 1296 is
381 1256 506 1296 etiam
532 1253 670 1294 tenuis
699 1262 934 1314 cautusque
962 1253 1175 1303 serendis,
1418 1251 1472 1299 45

138 1312 235 1350 Hoc
264 1318 398 1359 amet,
428 1309 512 1349 hoc
541 1315 711 1361 spernat
738 1306 934 1360 promissi
961 1306 1152 1346 carminis
1182 1312 1347 1345 auctor.

141 1364 310 1403 Dixeris
341 1362 536 1416 egregie,
567 1368 716 1400 notum
743 1360 778 1400 si
806 1359 953 1399 callida
980 1358 1159 1399 verbum

141 1416 396 1457 Reddiderit
424 1416 615 1454 iunctura
639 1427 809 1453 novum.
840 1413 885 1452 Si
913 1412 1030 1452 forte
1055 1414 1231 1453 neeesse
1260 1419 1326 1452 est

143 1470 308 1510 Indiciis
340 1476 575 1509 monstrare
603 1466 842 1506 recentibus
871 1465 1011 1505 abdita
1038 1479 1206 1516 rerum,

141 1524 326 1578 Fingere
355 1521 548 1562 cinctutis
576 1534 661 1560 non
694 1519 887 1560 exaudita
918 1518 1118 1573 Cethegis
1418 1517 1472 1557 50

144 1577 395 1629 Continget,
425 1574 676 1628 dabiturque
703 1573 874 1613 licentia
902 1580 1038 1612 sumta
1065 1572 1289 1626 pudenter.

143 1631 200 1670 Et
230 1642 340 1669 nova
357 1627 537 1683 fictaque
565 1641 701 1680 nuper
729 1626 944 1666 habebunt
971 1626 1103 1666 verba
1129 1625 1280 1674 fidem,
1308 1625 1343 1665 si

145 1684 310 1723 Graeco
340 1682 460 1722 sonte
489 1681 640 1721 eadent
656 1711 668 1732 ‚
693 1693 823 1734 parce
849 1680 1030 1720 detorta.
1059 1679 1174 1739 Quid
1202 1686 1342 1719 autem

144 1822 196 1839 -“
213 1826 250 1847 τ’.
275 1815 330 1846 26.
356 1813 447 1845 lenia
473 1813 586 1845 Bentl.
611 1823 630 1844 e
659 1811 775 1845 Codd.
796 1812 901 1853 vulg.
928 1810 1034 1850 leuia,
1060 1806 1159 1854 quod
1181 1802 1410 1844 tuetufFea.
1428 1826 1474 1835 -

145 1872 181 1893 υ.
209 1862 262 1893 32.
277 1857 388 1903 ficher·
412 1870 504 1891 unus
526 1869 544 1890 e
570 1857 685 1890 Codd.
715 1858 914 1896 Bentleius;
942 1867 1092 1899 eumque
1117 1857 1275 1900 sequitur
1298 1855 1383 1888 Fen.
1403 1849 1478 1887 Sed

148 1905 207 1940 Cf.
230 1904 327 1938 Iabn.
350 1923 397 1929 —
418 1914 455 1935 v.
484 1902 539 1945 40.
570 1902 745 1947 pudenter·
779 1901 868 1934 Cod.
895 1901 1022 1951 Cffimb.
1047 1919 1090 1925 —
1114 1911 1153 1933 v.
1184 1900 1240 1944 42.
1274 1898 1376 1933 haud
1407 1910 1473 1941 ego

147 1952 217 1983 an
243 1962 261 1982 e
286 1950 404 1982 multis
429 1949 499 1980 suis
525 1948 641 1980 Codd.
668 1949 722 1981 Cf.
747 1947 850 1981 Both.
877 1947 1063 1978 Annotatt.
1088 1964 1134 1971 —
1155 1956 1193 1978 v.
1218 1944 1274 1988 43.
1294 1945 1346 1978 De
1362 1944 1472 1975 inter-

148 1995 341 2041 punctione
365 1994 448 2027 vid.
475 1993 587 2025 Bentl.
615 1994 710 2025 Olim
735 1994 805 2027 sic:
842 1993 889 2024 Ut
912 1992 981 2023 ι’(ιηῑ
1007 2003 1103 2023 'lunc
1126 1989 1244 2036 clienti
1275 1990 1344 2022 iam
1377 1999 1474 2021 nnnc

149 2040 312 2073 debentia
337 2039 409 2072 dici
429 2039 602 2084 Pleraque
627 2037 770 2084 differat
797 2043 865 2070 etc.
890 2055 937 2061 —
960 2048 995 2069 v.
1021 2036 1077 2079 46.
1105 2036 1204 2068 Hunc
1229 2045 1365 2067 versum
1392 2039 1473 2066 ante

148 2098 178 2118 v.
205 2084 260 2128 45.
287 2086 323 2117 in
349 2083 465 2117 uodd.
492 2085 644 2128 positum
667 2083 904 2116 Bentlciusin
928 2083 1046 2114 locum
1072 2092 1171 2113 suum
1195 2079 1359 2112 restituit.
1397 2078 1472 2111 Ob-

149 2131 307 2175 loquitur
329 2132 419 2171 Fea3
443 2130 505 2162 sed
524 2129 577 2161 Cf.
595 2128 698 2161 Both.
714 2129 896 2161 Annotatt.
911 2145 957 2152 —-
973 2138 1010 2159 v.
1027 2125 1081 2169 49.
1098 2136 1216 2158 rer-um
1228 2136 1239 2156 .·
1266 2130 1300 2155 et
1313 2123 1473 2158 Lambin.

149 2195 194 2202 -
222 2187 258 2208 v.
297 2177 351 2208 52.
372 2173 555 2220 flectaqne
589 2174 701 2208 Bentl.
737 2185 757 2205 e.
782 2172 897 2209 Codd.
924 2171 1089 2204 Fabricii.
1117 2188 1160 2195 -—
1191 2180 1228 2202 v.
1263 2168 1319 2202 53.
1345 2166 1475 2204 cadent

150 2221 310 2255 Lambin.
336 2221 448 2253 Bentl.
473 2219 572 2252 multi
599 2218 844 2251 Codd.Pulm.
863 2217 988 2249 Comb.
1004 2217 1110 2248 Feae.
1135 2214 1242 2257 Vulg·
1266 2211 1412 2246 cadunt.
