1526 2404
179 189 232 232 68
618 201 658 242 ρ.
688 200 871 229 nona-ru
901 200 1056 234 rucei,

178 296 380 358 Quisnam
416 295 546 350 igitur
577 292 732 335 sanus?
758 316 812 324 ——
847 294 942 355 Qui
963 309 1048 337 non
1083 295 1248 378 εῒόιίωει
1284 314 1338 330 0-
1365 295 1491 360 ‘Quid

966 363 1134 391 avarus,
1161 374 1215 381 ——

177 404 338 445 Stultus
367 411 411 444 et
435 403 613 442 insanus.
638 424 694 433 ·-
720 400 864 458 Quid?
891 401 925 442 si
952 407 1043 459 quis
1072 418 1155 444 non
1181 404 1235 444 sit
1263 418 1411 444 avarus
1424 390 1444 455 ,ι

178 459 385 499 Continuo
431 452 583 496 sanus?
628 477 682 487 ³—
717 457 896 496 Minime.
933 481 987 487 ·——
1032 458 1138 510 Cur,
1175 456 1346 498 Stoice?
1381 481 1436 487 —

960 511 1120 557 Dicam,
1414 507 1488 551 160

173 567 267 605 Non
295 572 359 604 est
385 564 620 615 cardiacus,
649 564 869 603 Craterum
901 562 1053 604 dixisse
1074 572 1245 618 putam,

172 620 255 659 Hic
283 632 425 672 aeger.
452 619 588 657 Recte
617 625 680 657 est
706 616 856 670 igitur,
883 626 1112 673 surgetque
1124 617 1149 657 ?⁴
1172 616 1371 672 Negabst,

175 672 302 726 Quod
331 672 437 711 latus
465 679 536 710 aut
561 684 684 711 renes
712 669 862 709 morbo
890 678 1104 712 tententur
1135 679 1271 712 acuto.

171 727 266 765 Non
294 733 358 765 est
384 725 579 778 periurus
607 737 744 778 neque
772 723 988 775 sordidus;
1015 725 1204 765 immolet
1227 738 1276 765 ae
1337 723 1348 733 ’

170 779 253 818 Hic
278 792 456 832 porcum
483 777 681 828 Laribus3
709 790 856 817 verum
885 777 1124 818 ambitiosus
1154 786 1197 818 et
1224 792 1277 818 au
1308 791 1377 817 ax:
1411 775 1484 818 165

169 832 349 886 Naviget
375 831 625 883 Anticyram.
655 830 771 891 Quid
799 830 907 869 enim
939 831 1107 883 differt,
1141 830 1396 872 barathrone

168 886 314 925 Dones
343 885 545 940 quidquid
571 884 722 934 habes,
753 897 803 922 an
830 899 1038 938 nunquam
1063 893 1184 925 utare
1210 883 1395 939 paratis?

169 939 342 979 Servius
371 938 580 991 Oppidius
611 938 763 976 Canusi
791 936 874 977 duo
901 938 1094 991 praedia,
1121 938 1239 980 dives

166 992 352 1047 Antiquo
383 1005 531 1041 censu,
562 991 693 1045 gnatis
722 990 876 1030 divisse
905 991 1068 1032 duobus

164 1046 344 1095 Fertur,
371 1054 413 1084 et
438 1045 543 1084 haee
570 1044 752 1084 moriens
778 1045 922 1096 pueris
950 1045 1103 1085 dixisse
1126 1042 1286 1086 vocatis
1407 1054 1481 1098 170

164 1098 234 1138 Ad
261 1099 448 1138 lectum}
466 1099 695 1152 Postquam
721 1105 765 1136 te
793 1098 922 1148 talos,
949 1099 1082 1148 Aule,
1111 1112 1326 1154 nucesque

162 1152 299 1191 Ferre
331 1151 423 1190 sinu
449 1151 566 1199 laxo,
595 1151 752 1189 donare
781 1158 824 1189 et
851 1151 1000 1192 ludere
1028 1151 1134 1202 vidi,
1385 1147 1388 1154 ¹

164 1206 250 1254 Te,
281 1203 447 1253 Tiberi,
474 1216 719 1251 numerare,
751 1203 860 1242 cavis
890 1204 1148 1244 abscondere
1175 1205 1358 1246 tristemx

162 1257 370 1307 Extimui,
401 1270 455 1295 ne
485 1268 559 1296 vos
587 1263 734 1309 ageret
765 1257 929 1295 vesania
956 1257 1139 1307 discors,

162 1313 229 1349 Tu
253 1313 581 1359 Nomentanum,
609 1316 657 1348 tu
682 1322 736 1348 ne
761 1309 998 1364 sequerere
1020 1310 1220 1350 Cicutam.-
1403 1311 1498 1364 175·

161 1364 306 1423 Quare
334 1377 413 1417 per
441 1363 575 1403 Divos
602 1369 743 1403 oratus
771 1371 954 1418 uterque
979 1365 1180 1414 Penates,

163 1421 230 1459 'l'u
263 1430 364 1458 cave
397 1431 451 1456 ne
481 1416 661 1465 minuas,
690 1422 757 1465 tu,
782 1429 835 1455 ne
862 1417 993 1456 maius
1018 1416 1146 1456 facias
1172 1416 1239 1467 id,

160 1471 290 1528 Quod
318 1470 414 1510 satis
440 1483 531 1509 esse
550 1476 670 1521 putat
695 1477 837 1522 pater,
868 1478 910 1508 et
938 1478 1084 1509 natura
1113 1468 1298 1510 coercet,

159 1528 389 1566 Praeterea
416 1536 468 1562 ne
497 1535 573 1562 vos
601 1521 740 1561 titillet
769 1523 922 1575 gloria,
951 1524 1062 1563 iure-

157 1579 335 1619 Iurando
366 1575 622 1629 obstringam
651 1575 793 1615 ambo:
821 1584 917 1615 uter
944 1576 1101 1617 Aedilis
1127 1576 1313 1618 fueritve
1397 1579 1472 1618 180

156 1634 357 1675 Vestrum
387 1631 587 1677 Praetor,
615 1628 649 1667 is
678 1628 919 1668 intestabilis
950 1638 992 1670 et
1020 1643 1138 1670 sacer
1166 1639 1268 1670 esto.

155 1688 202 1725 In
236 1685 374 1725 cicere
403 1690 526 1737 atque
555 1680 652 1720 faba
679 1681 789 1721 bona
816 1691 863 1722 tu
891 1683 1128 1738 perdasque
1162 1683 1354 1737 lupinisr

154 1741 283 1780 Latus
309 1745 357 1776 ut
382 1737 423 1775 in
458 1736 579 1775 Circo
609 1736 813 1788 spatiere,
843 1744 885 1775 et
915 1739 1068 1776 ae’neus
1095 1746 1143 1777 ut
1175 1745 1283 1786 stes,

155 1793 300 1832 Nudus
330 1790 461 1844 agris,
489 1789 623 1827 nudus
652 1790 850 1839 nummis,
877 1789 1040 1841 insane,
1067 1789 1281 1844 paternis?

156 1846 326 1886 Scilicet
352 1852 400 1883 ut
425 1844 615 1896 plausus,
644 1856 749 1896 quos
777 1843 864 1882 fert
889 1844 1097 1897 Agrippa,
1125 1844 1238 1884 feras
1265 1851 1334 1894 tu,
1391 1841 1464 1882 185

153 1900 304 1941 Astuta
328 1897 555 1951 ingenuum
583 1896 728 1950 vulpes
755 1896 910 1936 imitata
935 1896 1131 1937 leonem?

151 2081 198 2090 .-.
220 2073 255 2094 v.
275 2061 349 2094 163.
378 2066 561 2091 tentantur
581 2058 691 2090 Bcnss.
717 2068 735 2090 e
755 2058 872 2090 multis
895 2055 1009 2090 Codd.
1034 2062 1068 2090 et
1090 2060 1170 2090 vett.
1190 2055 1278 2089 Edd.
1314 2055 1384 2088 Sed
1404 2056 1460 2089 Cs-

152 2106 277 2140 Heind.
300 2123 346 2130 —-
366 2115 400 2136 v.
421 2105 494 2137 166.
518 2103 698 2135 &alumine
720 2104 828 2135 Bentl.
847 2115 865 2136 e
884 2103 1042 2147 pluribus
1059 2102 1172 2135 Codd.
1197 2101 1375 2134 balan-om·
1388 2103 1459 2135 Fea

153 2166 172 2187 e
195 2151 334 2184 duobus
354 2149 467 2181 Codd.
487 2150 615 2182 Bersm.
639 2147 692 2179 Cs.
711 2148 833 2180 Iloind.
857 2167 903 2173 -
924 2161 959 2181 v.
979 2159 1050 2191 172.
1076 2149 1143 2180 Pro
1165 2146 1283 2181 ludere
1302 2146 1411 2179 Bontl.
1439 2158 1459 2180 e

152 2198 244 2232 coni.
262 2194 414 2241 per-dere.
430 2195 483 2226 Cs.
499 2194 623 2227 Heind.
644 2210 690 2218 —
711 2205 748 2228 v.
771 2195 843 2237 183.
868 2203 901 2228 et
917 2198 1046 2227 αέηειιε
1059 2193 1168 2227 Bentl.
1188 2204 1207 2227 e
1223 2190 1337 2225 Codd.
1353 2203 1457 2236 quem

150 2243 231 2277 Vid.
250 2243 352 2284 Vulg.
378 2248 444 2272 aut
459 2252 597 2273 aeneus.
