1526 2404
464 184 694 212 caumont
721 183 807 210 mn.
834 169 912 219 ul,
939 169 1003 208 23.
1329 169 1403 209 115

76 277 295 317 Imminens
324 277 450 318 vinae
475 284 550 315 tua
574 277 696 330 pinus
725 284 843 325 esto,
1374 273 1402 312 5

74 331 216 430 guam
241 345 323 386 per
347 337 519 370 exactos
548 343 630 369 evo
657 330 791 369 laetus
820 341 950 369 annos

118 385 224 427 erl-it
252 383 340 426 obli
398 397 471 423 um
498 396 567 422 me
600 382 734 422 'tantis
762 382 893 422 ictum

371 435 550 491 anguine
577 435 744 481 donem.

548 554 738 595 Cannu
764 552 913 593 xxm.

452 640 547 679 AD
594 640 1018 699 PHIDYLEN.

89 725 95 730 ’
143 729 318 776 Phidylen
341 731 386 764 de
410 730 583 763 tenuitate
606 729 864 763 sacrificiorum
888 728 956 763 diis
981 740 1001 761 a
1025 739 1063 761 te
1088 728 1294 761 oblatorum
1314 737 1402 759 con-

73 778 222 818 solatur,
246 787 384 819 eaque,
409 772 520 807 modo
536 773 582 807 ab
600 776 784 808 innocenti
809 775 926 807 animo
950 773 1243 819 proficiscantur,
1268 772 1403 804 numini

74 822 271 866 gratissima
293 832 369 854 esse
393 819 514 852 docet.

550 864 706 911 Meti-um
730 878 924 914 Alcaicum.

76 953 211 993 Coelo
235 954 406 1007 supinas
436 953 472 993 si
497 951 647 992 tuleris
674 966 822 992 manus

74 1008 283 1046 Nascente
307 1008 448 1056 Luna,
477 1005 635 1044 rustica
660 1006 863 1059 Phidyle,

129 1059 176 1098 Si
202 1058 330 1098 thure
386 1058 534 1098 lacaris
564 1065 608 1096 et
630 1058 766 1098 horna

178 1111 325 1166 Fruge
436 1124 506 1161 es,
534 1109 744 1166 avidaque
769 1124 926 1164 porcat

74 1179 165 1220 Nec
190 1179 458 1232 pestilentem
484 1178 637 1218 sentiet
661 1177 856 1218 Africum
1377 1178 1406 1218 5

74 1230 276 1270 Fecunda
302 1232 422 1283 vitis,
447 1244 527 1272 nec
556 1231 744 1271 sterilem
771 1245 897 1285 seges

127 1283 406 1337 Robiginem,
434 1293 506 1324 aut
533 1282 679 1323 dulces
707 1284 863 1324 alumni

179 1337 400 1378 Pomifero
430 1349 559 1391 grave
587 1345 757 1389 tempus
786 1350 908 1377 anno.

74 1404 202 1453 Nam,
232 1418 342 1459 quae
368 1405 495 1445 nivali
520 1403 708 1457 pascitur
734 1403 891 1457 Algido

75 1456 244 1497 Devota
270 1471 451 1511 quercus
478 1457 589 1496 inter
616 1465 660 1495 et
693 1456 836 1506 ilices,
1088 1476 1092 1477 ν
1195 1454 1204 1462 ’
1356 1473 1405 1499 ιο

129 1510 216 1548 Aut
241 1510 396 1550 crescit
421 1510 592 1550 Albanis
618 1509 661 1548 in
687 1508 832 1547 herbis
849 1538 863 1559 ,

179 1562 384 1613 Victima,
410 1562 656 1617 pontificum
685 1574 860 1601 secures

78 1630 258 1669 Cei-vice
285 1629 462 1670 tinoeuet.
515 1633 579 1669 Te
606 1630 708 1668 nihil
736 1629 884 1671 attinet

78 1684 261 1722 Tentare
291 1661 422 1723 mtfita
448 1683 577 1723 caede
601 1682 836 1722 bidentium

127 1736 290 1775 Parvos
320 1744 594 1776 coronantem
617 1734 779 1774 marino
1360 1738 1409 1777 15

181 1789 302 1828 Rore
329 1791 447 1829 Deos
474 1788 704 1842 fragilique
731 1795 880 1839 myrto.

78 1855 272 1895 Immanis
301 1871 414 1896 aram
443 1857 479 1896 si
504 1857 645 1910 tetigit
671 1869 843 1906 manus,

77 1908 172 1947 Non
197 1918 412 1949 sumtuosa
438 1909 632 1948 blandior
658 1908 819 1959 hostia,

130 1961 311 2002 Mollivit
338 1976 510 2002 aversos
537 1963 742 2011 Penates,

182 2014 315 2054 Fan-e
340 2016 412 2070 pio
436 2024 480 2055 et
502 2015 677 2054 saliente
699 2013 819 2057 mica.
1354 2029 1408 2055 20

147 2126 290 2166 xxm,
318 2138 355 2160 v,
379 2135 411 2168 7.
444 2125 569 2157 Plures
595 2123 716 2159 Codd.
741 2133 778 2160 et
797 2127 891 2161 Edd.
915 2128 1121 2172 rubiginem.
1145 2128 1227 2160 vid.
1252 2129 1336 2160 Fca.
1363 2144 1410 2150 —

85 2181 119 2202 v.
146 2180 198 2202 ια.
219 2172 372 2203 securim
393 2170 508 2202 Bentl.
528 2181 548 2202 e
568 2169 687 2203 Codd.
712 2171 768 2205 Cf.
791 2173 883 2206 Jani.
900 2191 947 2200 --
966 2185 1004 2206 v.
1023 2184 1076 2216 ¹9·
1101 2173 1269 2216 Plerique
1287 2170 1407 2204 Codd.

84 2214 249 2253 mollibit,
271 2216 331 2247 alii
353 2215 500 2247 mollivit
520 2219 581 2246 aut
593 2216 751 2250 mollo-ic.
775 2217 831 2250 Cf.
857 2218 973 2251 Bentl.
1000 2224 1038 2250 et
1057 2219 1142 2250 Fea⁴
