1526 2404
146 135 219 177 130
585 147 625 188 Q·
656 147 842 176 nonna
871 148 1029 178 naum
1052 163 1056 166 —

139 242 285 336 guum
310 242 468 297 pateris
496 242 660 296 sapiens
689 241 1020 299 emendatusque
1047 245 1214 295 vocari,
1413 246 1468 288 30

182 297 445 351 espondesne
474 304 574 345 tuo,
599 295 667 335 dic
697 295 846 346 sodes,
873 297 1071 339 nomine?
1098 321 1154 329 —--
1179 300 1344 353 Nempe

139 351 218 393 Vir
244 351 378 390 bonus
409 358 452 389 et
478 349 665 403 prudens
694 348 778 388 dici
806 348 1000 390 delector
1028 365 1110 406 ego
1139 365 1187 392 ac
1214 360 1276 393 tu.
1311 376 1367 382 —-

138 404 226 499 gui
253 404 370 443 dedit
395 403 478 443 hoc
504 403 655 453 hodie,
683 415 796 452 cras»,
825 403 860 442 si
887 401 1024 454 volet,
1051 404 1240 457 auferet3
1267 414 1316 445 ut
1341 406 1377 445 si

182 458 354 498 etulerit
381 456 518 496 fasces
547 457 742 510 indigno,
772 457 968 497 detrahet
994 458 1121 498 idem.

136 514 279 563 Pone,
308 524 450 550 meum
478 519 564 561 est,
591 509 747 565 inquit3
777 524 915 563 pono,
941 511 1157 573 tristisque
1182 511 1355 552 recedo.
1408 513 1463 552 35

136 566 253 606 Idem
282 564 317 604 si
345 565 498 604 clamet
523 563 688 614 furem,
715 571 845 617 neget
874 578 966 604 esse
994 565 1221 619 pudicum,

138 618 375 659 Contendat
401 617 553 672 laqueo
584 618 739 657 collum
767 618 970 670 pressisse
998 627 1243 672 paternum:

135 673 336 713 Mordear
364 671 602 725 opprobriis
629 670 769 720 falsis,
798 679 1043 726 mutemque
1069 669 1290 712 colorem?

135 727 284 766 Falsus
313 725 453 764 honor
479 725 617 774 iuvat,
647 732 690 764 et
716 724 896 767 mendax
923 725 1092 765 infamia
1118 733 1278 775 terret,

136 781 276 835 Quem
288 784 304 831 ‚*
326 779 404 818 nisi
431 777 681 818 mendosum
709 785 752 817 et
779 777 1104 818 medicandum?
1131 778 1210 822 Vir
1235 777 1371 817 honus
1399 785 1464 817 est

942 831 1066 887 quis?
1092 856 1161 867 —-.
1413 838 1466 878 4⁰

137 885 223 947 Qui
251 884 442 925 consulta
467 892 659 938 patrum,
689 883 760 939 qui
788 884 907 939 leges
931 886 1108 948 iuraque
1137 892 1302 935 servat3

160 946 232 979 )uo
259 938 416 978 multae
445 952 707 993 magnaeque
735 947 929 978 secantur
955 940 1095 979 iudlce
1122 938 1240 990 lites;

177 1007 232 1032 uo
265 1006 334 1032 res
362 1005 588 1045 sponsore,
617 1000 660 1031 et
688 1006 772 1084 guo
801 1006 953 1032 causae
981 1001 1090 1032 teste
1117 1000 1329 1032 tenentur.
1357 1014 1411 1020 —

132 1048 218 1090 Sed
245 1046 361 1086 videt
387 1046 498 1085 hunc
527 1046 659 1084 omnis
719 1054 839 1085 onius
870 1054 912 1085 et
941 1046 1089 1086 vicinia
1114 1053 1205 1085 tota

131 1105 340 1143 Introrsus
368 1107 559 1151 turpem,
589 1099 826 1151 speciosum
854 1099 965 1151 pelle
995 1100 1186 1147 decora«,
1307 1102 1318 1115 '
1391 1098 1456 1144 ¹45

131 1159 218 1196 Nee
248 1152 409 1191 furtum
438 1153 546 1200 feci,
574 1165 654 1190 nec
683 1152 798 1205 fugi,
827 1154 863 1192 si
890 1153 991 1191 mihi
1016 1153 1127 1191 dicat

131 1211 310 1249 Servus:
349 1204 492 1244 Habes
519 1204 726 1257 pretium,
754 1205 854 1244 loris
886 1219 968 1244 non
998 1205 1159 1253 ureris,
1186 1203 1266 1243 aio.
1292 1226 1347 1234 -

130 1265 224 1302 Non
251 1258 462 1298 hominem
483 1257 631 1296 occidi.
658 1281 712 1285 —-
739 1259 832 1296 Non
851 1271 999 1310 pasces
1018 1257 1058 1296 in
1079 1270 1206 1296 cruce
1226 1269 1455 1296 corvos.—

132 1318 234 1356 Sum
261 1313 396 1352 bonus
425 1319 469 1350 et
494 1310 624 1363 frugi.
651 1334 706 1339 ——
733 1311 889 1350 Renuit
913 1310 1157 1364 negitatque
1187 1306 1412 1349 Sabelluss

132 1371 288 1409 Cautus
319 1365 428 1404 enim
457 1365 606 1403 metuit
633 1363 803 1404 foveam
828 1365 973 1416 lupus,
1002 1364 1086 1404 acci
1119 1364 1286 1418 iterque
1403 1364 1456 1404 50

131 1424 360 1475 Suspectos
389 1418 586 1471 laqueos,
615 1425 657 1456 et
685 1426 880 1470 opertum
908 1418 1059 1457 miluus
1119 1431 1269 1456 amum.

131 1477 328 1517 Oderunt
354 1484 534 1524 peccare
561 1470 663 1508 honi
691 1471 854 1510 virtutis
885 1482 1048 1510 amore:

130 1532 198 1569 Tu
223 1525 325 1567 nihil
353 1524 546 1564 admittes
574 1524 615 1562 in
643 1532 685 1562 te
714 1524 941 1563 formidine
967 1538 1132 1578 poenae
1142 1539 1155 1576 3

130 1584 194 1623 Sit
221 1593 316 1635 spes
344 1577 540 1625 fallendi,
568 1576 760 1616 miscebis
789 1591 905 1617 sacra
931 1578 1135 1631 profanis.

129 1639 234 1675 Nam
262 1634 315 1673 de
343 1631 458 1670 mille
486 1631 609 1669 fabae
637 1631 786 1670 modiis
815 1646 943 1693 quum
974 1631 1148 1685 surripis
1175 1647 1329 1683 unum,
1401 1633 1454 1673 55

129 1691 339 1730 Damnum
367 1693 451 1733 est,
486 1698 570 1723 non
597 1683 760 1723 facinus
788 1685 889 1724 rmhi
914 1693 1038 1738 pacto
1067 1685 1200 1724 lenius
1228 1685 1324 1725 isto.

130 1743 208 1786 Vir
227 1741 384 1788 bonus,
415 1751 538 1776 omne
559 1737 700 1776 forum
723 1753 848 1793 quem
869 1746 1030 1792 spectat
1051 1746 1094 1777 et
1113 1752 1235 1778 omne
1258 1738 1453 1789 tribunal,

131 1794 480 1850 Quandocunque
511 1792 627 1845 Deos
657 1793 725 1831 vel
753 1805 886 1845 porco
916 1791 986 1831 vel
1013 1791 1125 1831 bove
1151 1793 1313 1845 placat,

130 1852 227 1890 Iane
255 1853 400 1902 pater,
427 1845 564 1895 clare,
592 1845 704 1885 clare
733 1860 863 1901 quum
893 1845 1018 1896 dixit,
1046 1845 1225 1899 Apollo:

127 2043 223 2063 -v.
244 2029 298 2063 38.
322 2027 465 2070 Signum
490 2026 755 2069 interrongandi
774 2028 865 2059 tollit
880 2027 991 2060 nonu.
1006 2038 1110 2071 quem
1125 2026 1180 2059 Cf.
1202 2045 1243 2054 —
1258 2037 1296 2059 v.
1315 2025 1369 2070 40.
1385 2039 1452 2059 me-

129 2074 324 2112 dicandum
349 2084 367 2105 e
392 2072 551 2116 plurimis
577 2071 693 2105 Codd.
722 2073 875 2105 restituit
899 2073 1093 2113 Remmius,
1126 2072 1252 2115 quibus
1277 2072 1452 2105 accedunt

131 2121 247 2156 Codd.
272 2120 374 2151 Feae.
399 2117 439 2148 In
463 2122 546 2149 vett.
568 2116 658 2149 Edd.
685 2120 787 2161 vulgo
811 2117 1021 2150 mendacem.
1048 2135 1090 2141 ——
1115 2128 1151 2148 v.
1178 2116 1232 2159 43.
1259 2118 1311 2149 lta
1338 2117 1450 2150 Bentl-

130 2181 150 2210 φ
175 2166 310 2200 Codice
334 2173 407 2194 uno
433 2162 637 2203 Blandinio3
663 2164 747 2195 olim
772 2165 875 2206 vulgo
904 2165 984 2207 Quo
1005 2174 1231 2208 responsore.
1243 2162 1449 2196 Vidfflentl.

130 2221 163 2247 ot
187 2214 268 2245 Fen.
293 2228 335 2235 —
358 2217 397 2238 v.
422 2206 476 2250 46.
505 2206 595 2238 dicit
619 2208 729 2240 Bentl.
756 2220 775 2241 e
802 2208 916 2241 Codd.
941 2220 1047 2253 quem
1071 2207 1126 2242 Cf.
