1526 2404
468 199 723 230 :msa-onan.
751 199 839 227 m.
865 186 906 240 1,
941 200 1004 243 ¹⁹·
1325 192 1400 245 ¹39

78 291 284 334 Mandalm
313 292 456 345 siccis,
488 292 665 333 adimam
694 301 862 334 cantare
893 287 1066 336 sciveris.

78 346 177 387 Hoc
206 345 327 386 simul
358 346 492 398 edixi,
520 361 604 386 non
635 359 853 388 cessavere
915 350 1037 387 oetae
1098 367 1105 383 ι
1352 363 1400 392 ιο

79 401 298 442 Nocturno
331 408 497 440 certare
522 413 665 450 mero,
695 407 850 453 putere
909 401 1043 442 ’urn0.

123 451 228 493 uid?
257 453 292 492 si
325 454 419 508 quis
450 453 572 493 vultu
601 461 727 493 torvo
755 452 897 504 ferus,
929 461 974 494 ct
1003 455 1115 509 pede
1146 456 1285 510 nudo,

119 507 355 562 xiguaeque
386 514 512 560 togae
539 506 707 546 simulet
736 514 903 547 textor-e
938 507 1160 557 Catonem,

79 559 347 602 virtutemne
379 567 670 612 repraesentet
699 573 841 600 mores
872 574 927 600 ue
961 561 1160 602 Catonis?

78 613 214 667 Rupit
246 613 439 652 Iarbitam
470 613 702 666 Timagenis
735 627 855 652 aemu
873 628 896 652 a
922 612 1083 668 liffgua,
1353 616 1402 657 15

80 669 195 708 Dum
226 666 368 705 studet
398 665 603 713 urbanus,
634 665 770 705 tendit
801 679 856 707 ue
888 667 1069 707 disertus
1098 668 1259 711 haberi·

80 719 253 773 Decipit
284 719 499 773 exemplar
526 719 638 759 vitiis
669 719 782 759 imita
813 719 891 760 ile:
923 720 1053 775 quod-
1072 723 1108 762 si

79 772 291 812 Pallerem
323 785 443 822 casu,
478 773 673 812 biberent
704 785 909 828 exsangue
942 776 1165 814 cuminum.

83 825 124 866 O
157 825 410 877 imitatores,
442 839 612 866 servum
642 839 794 878 pecus),
826 834 875 865 ut
904 825 1006 866 mihi
1036 842 1162 881 saepe

81 879 243 928 Bilcm,
273 891 398 931 saepe
429 879 569 918 iocum
598 878 732 919 vestri
761 893 936 920 movere
967 880 1194 920 tumultus!
1351 893 1403 922 20

81 931 242 970 Libera·
267 945 347 985 per
375 945 554 972 vacuum
585 932 708 984 posui
731 933 905 986 vestigia
919 934 1140 986 princepslz

81 985 176 1024 Non
207 984 338 1024 aliena
369 999 465 1026 meo
497 984 635 1039 pressi
664 986 788 1045 pede.
841 985 929 1045 Qui
959 986 1038 1025 sibi
1067 987 1182 1037 fidit,

83 1038 183 1077 Dux
213 1037 324 1092 regit
356 1051 540 1078 examen.
591 1039 739 1078 Panos
764 1052 843 1093 ego
875 1039 1035 1092 primus
1066 1040 1226 1081 iambos

85 1090 265 1130 Ostendi
296 1090 439 1140 Latio,
469 1104 666 1130 numeros
699 1092 941 1146 animosque
969 1101 1139 1132 secutus

82 1143 349 1194 Archilochi,
379 1158 464 1184 non
489 1158 557 1184 res
590 1152 634 1183 et
664 1145 826 1198 agentia
855 1145 988 1185 rerba
1017 1147 1268 1198 Lycamben.
1352 1148 1406 1188 25

83 1197 170 1248 Ac,
200 1211 256 1238 ne
287 1211 355 1237 me
386 1196 499 1237 soliis
530 1197 627 1238 ideo
659 1197 926 1238 brevioribus
959 1213 1105 1248 ornes,

85 1249 214 1304 Quod
243 1251 364 1291 timui
395 1259 559 1290 mutare
591 1250 739 1291 modos
773 1258 821 1291 et
849 1252 1039 1291 carminis
1073 1261 1227 1293 artem:

83 1305 311 1359 Temperat
342 1303 586 1344 Archilochi
616 1318 773 1343 musam
800 1304 912 1357 pede
941 1306 1123 1345 mascula
1155 1305 1353 1360 Sappho,

83 1361 312 1412 Temperat
344 1357 544 1406 Alcaeus,
577 1357 651 1396 sed
684 1357 810 1396 rebus
845 1365 887 1396 ct
920 1358 1067 1398 ordine
1101 1360 1263 1412 dispar,

82 1414 173 1451 Nec
206 1423 401 1455 socerum
423 1411 611 1465 quaerit,
644 1424 770 1463 quem
791 1410 984 1451 versibus
1009 1411 1166 1452 oblinat
1187 1412 1300 1464 atris,
1354 1413 1406 1454 3ο

84 1467 173 1504 Nec
205 1477 380 1516 sponsae
411 1465 609 1516 laqueum
641 1465 802 1503 famoso
834 1465 1013 1504 carmine
1046 1466 1189 1505 nectit.

85 1521 210 1557 Hunc
244 1529 347 1568 ego,
378 1531 462 1556 non
493 1516 572 1556 alio
608 1516 766 1555 dictum
797 1517 915 1569 prius
949 1532 1047 1568 ore,
1079 1519 1251 1557 Latinus

85 1569 266 1624 Vulgavi
298 1567 467 1607 fidicen:
499 1568 614 1608 iuvat
645 1569 930 1608 immemorata
963 1570 1173 1611 ferentem

86 1622 276 1676 Ingenuis
310 1621 526 1675 oculisque
563 1622 649 1675 legi
678 1621 951 1674 manibusque
983 1625 1134 1664 teneri.

87 1677 207 1716 Scire
243 1674 370 1721 velis,
400 1687 492 1712 mea
525 1688 602 1713 cur
632 1674 817 1726 ingratus
851 1677 1052 1727 opuscula
1084 1678 1223 1718 lector
1357 1677 1409 1718 35

86 1729 250 1768 Laudet
282 1735 477 1780 ametque
509 1727 644 1771 domi,
676 1734 839 1778 premat
873 1737 988 1768 extra
1020 1730 1147 1770 limen
1178 1729 1371 1786 iniquus?

86 1784 182 1822 Non
214 1794 293 1833 ego
325 1788 524 1819 ventosae
556 1779 692 1833 plebis
725 1779 921 1832 suffragia
946 1795 1079 1823 venor

88 1834 287 1889 Impensis
321 1846 547 1873 coenarum
578 1839 622 1872 et
651 1831 775 1872 tritae
806 1845 979 1874 munere
1010 1837 1161 1889 vestis3

89 2014 136 2026 -φ
155 2008 193 2028 v.
221 2006 273 2031 ιο.
289 1995 391 2029 edixi
404 1995 579 2029 Bentleius
599 1996 797 2029 emendavit
815 2010 833 2031 e
855 1993 971 2029 codd.
992 1998 1214 2037 Bersmanni,
1239 1998 1406 2030 Tor-rent.

90 2042 250 2074 Lambin.
275 2048 379 2086 atque
405 2051 476 2072 uno
501 2053 588 2081 suo,
612 2042 738 2085 quibus
764 2042 936 2076 accedunt
954 2043 1072 2087 plures
1086 2044 1187 2075 Feae.
1206 2042 1300 2073 Olim
1319 2044 1409 2084 vulg.

92 2085 212 2119 editit.
257 2088 348 2120 Fene
386 2085 476 2117 Cod.
505 2098 594 2118 unns
627 2093 660 2120 et
686 2087 847 2120 Heinsius
872 2098 912 2120 ex
938 2088 1142 2120 coniectura
1165 2086 1289 2119 edixn:
1327 2087 1408 2119 vid.

92 2128 204 2164 Bentl.
226 2151 272 2158 —
293 2143 330 2163 v.
359 2132 409 2164 15.
435 2131 571 2174 aemula
596 2143 707 2164 coena
733 2132 848 2164 Codd.
875 2131 970 2176 apud
995 2134 1162 2165 Tol-rent.
1186 2133 1238 2164 Cs-
1262 2133 1343 2164 Fea.
1367 2151 1411 2157 ·—

93 2185 132 2206 v.
157 2187 208 2219 ¹9·
233 2176 333 2209 bilem
362 2176 409 2209 Ut
432 2176 519 2208 mihi
540 2188 643 2220 saepe
664 2177 779 2208 iocum
806 2176 896 2210 eod.
915 2177 1026 2209 Bentl.
1045 2188 1152 2222 quem
1170 2178 1224 2210 Cr.
1241 2195 1287 2203 —
1301 2188 1339 2210 v.
1357 2178 1413 2211 32.

97 2217 235 2254 Latinis
256 2222 447 2267 pleraeque
470 2228 604 2256 veteres
626 2221 820 2257 Editiones.
848 2220 931 2255 vid.
955 2221 1038 2255 rea.
