1526 2404
120 162 172 203 28
570 172 610 213 Q·
639 171 824 200 uonnru
852 168 1011 198 uacci

119 267 201 307 Hic
229 262 311 322 ego
370 273 521 320 ropter
549 280 721 321 aquam,
751 264 867 358 quod
882 273 979 320 erat
994 265 1235 317 teterrima,
1259 263 1400 305 ventri

119 321 262 360 Indico
292 320 473 370 belum,
505 327 730 360 coenantes
789 318 870 358 aud
898 319 1033 358 animo
1063 332 1201 374 aequo

119 374 381 426 Exspectans
410 373 598 412 comites.
628 374 713 411 Iam
742 386 826 411 nox
852 371 1055 412 inducere
1074 373 1214 412 -terris

119 426 298 470 Umbras
333 434 376 465 et
406 426 532 466 coelo
562 425 804 465 diffundere
834 425 951 479 signa
977 424 1175 479 parabat:
1406 437 1454 464 10

118 481 227 518 Tum
256 478 380 532 pueri
410 479 569 528 nautis,
598 478 742 531 pueris
770 478 963 518 ‘convicia
990 486 1141 518 nautae

117 533 332 586 Ingerere.
361 554 417 561 —-
444 534 540 571 Huc
569 531 824 584 appellel...
856 533 1091 571 Trecentos
1121 530 1291 582 inseris3
1317 531 1420 571 ohe!

117 586 202 624 Iam
231 585 327 624 satis
358 593 433 624 est.
462 608 517 614 —
543 585 658 623 Dum
677 598 747 623 aes
771 584 974 638 exigitur,
998 584 1099 624 dum
1120 585 1232 623 mula
1257 585 1426 638 ligatur,

122 640 231 678 'Tota
261 637 346 676 abit
371 637 490 677 hora.
530 638 629 676 Mali
658 637 814 677 culices
847 651 1059 692 ranaeque
1085 637 1295 692 palustres

115 691 329 731 Avertunt
349 704 532 730 somnos.
561 690 794 730 Absentem
820 698 868 730 ut
895 698 1032 730 cantat
1061 690 1237 731 amicam
1403 691 1451 730 15

117 745 250 783 Multa
278 744 474 797 prolutus
503 757 641 796 vappa
668 752 793 783 nauta
820 751 947 804 atque
978 743 1114 784 viator

119 797 344 836 Certatim:
375 797 546 836 tandem
579 799 719 836 fessus
749 796 936 836 dormire
969 797 1108 837 viator

116 850 290 904 Incipit,
319 864 367 890 ac
394 850 545 890 missae
575 858 742 904 pastum
767 850 1000 889 retinacula
1028 851 1168 891 mulae

117 905 253 943 Nauta
280 904 323 957 pi
357 917 405 943 er
433 918 533 943 saxo
562 904 735 956 religat,
765 903 991 958 stertitque
1019 904 1204 957 supinus·

116 957 288 1018 Iamque
328 957 408 996 ‘ies
439 956 608 1006 aderat,
637 957 694 995 nil
724 970 851 1011 quum
881 957 1122 1009 procedere
1151 957 1320 995 lintrem
1403 966 1456 994 20

118 1010 352 1061 Sentlmus,
382 1010 519 1049 donec
550 1009 804 1049 cerebrosus
833 1010 1001 1062 prosilit
1028 1024 1158 1059 unus,

117 1063 181 1102 Ac
209 1064 349 1103 mulae
380 1073 617 1118 nautaeque
647 1070 774 1116 caput
801 1062 1053 1117 lumbosque
1080 1063 1241 1116 saligno

116 1116 249 1154 Fuste
280 1116 409 1154 dolat.
440 1117 602 1174 Quarta
628 1116 699 1154 vix
731 1115 900 1153 demum
931 1116 1182 1169 exponimur
1208 1115 1344 1154 hora:

119 1167 209 1208 Ora
239 1182 471 1222 manusque
498 1177 570 1208 tua
593 1168 793 1216 lavimus,
822 1168 1031 1218 Feronia,
1059 1168 1239 1229 lympha.

119 1221 249 1269 Millia
275 1229 366 1259 tum
395 1220 538 1273 pransi
563 1220 643 1259 tria
670 1219 879 1271 repimus,
916 1229 1042 1274 atque
1071 1220 1258 1260 subimus
1403 1219 1456 1260 25

120 1273 367 1326 Impositum
397 1274 503 1312 saxis
534 1273 618 1312 late
648 1272 918 1311 candentibus
950 1274 1109 1312 Anxur.
1270 1290 1277 1294 ’

117 1327 214 1368 Huc
244 1334 446 1365 venturus
479 1334 570 1366 erat
598 1326 816 1364 Maecenas
850 1325 1032 1377 optimus
1063 1334 1191 1380 atque

120 1380 351 1429 Cocceius,
381 1379 496 1418 missi
524 1378 682 1431 magnis
713 1378 767 1417 de
794 1377 923 1416 rebus
952 1387 1134 1433 uterque

119 1432 292 1486 Legati,
323 1445 494 1470 aversos
525 1431 637 1470 soliti
666 1444 923 1483 componere
954 1432 1122 1471 amicos.

118 1485 201 1523 Hic
232 1484 363 1523 oculis
396 1498 477 1537 ego
507 1485 627 1537 nigra
655 1483 760 1521 meis
791 1483 966 1535 collyria
998 1485 1138 1538 lippus
1406 1483 1460 1523 30

117 1537 298 1576 Illinere.
340 1537 505 1575 Interea
534 1538 753 1575 Maecenas
783 1536 952 1575 advenit
983 1545 1109 1591 atque

121 1590 326 1628 Cocceius
357 1589 592 1643 Capitoque
622 1589 744 1626 simul
772 1589 999 1638 Fonteius,
1030 1590 1082 1628 ad
1110 1602 1297 1643 unguem

118 1643 273 1681 Factus
304 1641 454 1689 homo,
485 1643 664 1690 Antoni,
692 1656 776 1680 non
805 1649 853 1680 ut
880 1642 1011 1681 macris
1042 1643 1171 1693 alter,
1201 1641 1371 1684 amiCUS.

119 1695 292 1733 Fundos
322 1693 492 1732 Aufidio
527 1696 667 1732 Lusco
698 1702 897 1747 praetore
929 1695 958 1733 li
993 1703 1113 1735 enter

117 1747 386 1801 Linquimus,
415 1747 547 1785 insani
575 1747 761 1785 ridentes
788 1747 976 1799 praemia
1005 1748 1191 1798 scribae,
1403 1746 1456 1788 35

118 1801 390 1839 Praetextam
419 1808 461 1838 et
490 1800 621 1839 latum
650 1800 814 1839 clavum
842 1813 1092 1856 prunaeque
1121 1801 1323 1849 vatillum.

118 1969 162 1976 —
189 1961 220 1981 v.
238 1959 269 1992 7.
297 1949 471 1980 teter-rima
495 1949 632 1991 aliquot
656 1948 777 1984 Codd.
805 1950 868 1982 sed
893 1951 1037 1994 plurimi
1061 1949 1246 1982 deterrima
1263 1949 1316 1981 Cf.
1331 1947 1454 1981 Bentl.
1503 1978 1506 1979 γ

117 1994 242 2027 Heind.
268 1994 359 2033 Fen,
402 1993 460 2035 qui
490 1994 632 2035 quidem
661 1996 817 2037 praefert
841 1994 968 2027 (ἱεῖσι-ν.
1005 2015 1049 2020 -—
1084 2007 1112 2029 y,
1142 2003 1200 2027 12:
1229 1995 1361 2037 ingeris
1384 2004 1452 2037 pro

117 2039 240 2071 inseris
276 2037 392 2070 Codd-
432 2038 592 2069 Lambin.
632 2040 685 2071 Cf.
712 2041 794 2071 Fen.
832 2058 878 2063 —
913 2052 943 2071 v.
973 2041 1023 2072 15.
1064 2047 1103 2071 ιιι
1138 2047 1262 2071 camut
1288 2050 1306 2071 c
1333 2039 1453 2071 multis

119 2083 236 2115 Codd.
271 2082 390 2115 Benll.
426 2082 522 2113 Olim
555 2084 660 2125 vulgo
694 2085 767 2116 sine
805 2092 936 2116 nt.--—·
971 2095 1001 2115 V.
1028 2085 1082 2116 23.
1121 2084 1326 2127 exponimus
1353 2083 1449 2117 Coll.

118 2128 199 2160 Sax.
230 2144 276 2151 —-
309 2138 339 2158 v.
365 2125 607 2168 24.l‹w1·mm·
631 2129 744 2160 Benll.
773 2139 815 2160 ex
843 2129 936 2161 coni.
961 2128 1039 2160 Nic.
1065 2129 1205 2160 Heinsii.
1247 2128 1300 2160 Cf.
1326 2127 1451 2160 Heind.

120 2190 167 2198 -·
192 2183 223 2203 v.
241 2182 295 2213 27.
322 2172 473 2215 optimus
498 2171 612 2203 Bcntl.
643 2179 819 2205 commate
841 2184 858 2204 a
883 2172 1121 2217 praecedente
1147 2174 1290 2204 nomine
1314 2172 1451 2204 divellit

119 2223 155 2250 et
181 2215 225 2250 ad
250 2216 430 2248 Cocceium
456 2216 578 2249 refert.
605 2235 648 2242 —
674 2229 703 2249 v.
719 2220 774 2251 36.
797 2229 1005 2263 prunaeque
1027 2216 1186 2250 batillum
1210 2218 1312 2249 multi
1334 2216 1449 2249 Codd.
