1526 2404
161 173 207 200 12
592 173 648 214 Ὢ.
677 172 862 200 ΗΟΒΔΤΠ
889 173 1046 200 FLAccx

1166 240 1185 253 x

200 282 346 307 uarum
374 269 548 309 subsuta
573 269 682 310 talos
708 276 826 331 tegat
850 268 990 309 instita
1012 275 1157 310 veste:

92 369 101 375 ,
155 325 312 363 contra
343 322 445 363 alius
465 323 643 375 nullam,
672 323 751 362 nis¹
771 322 912 362 olente
930 322 972 361 in
991 321 1156 364 fornice
1179 331 1369 364 stantem.
1422 323 1476 365 30

154 375 336 429 Quidam
365 385 488 417 notus
505 376 636 416 homo
657 391 787 432 quum
806 376 941 417 exiret
966 375 1151 428 fornice,
1180 378 1318 417 Macte

153 430 324 472 Virtute
354 439 445 470 esto
462 460 473 481 ‚
502 431 637 486 inquit
665 430 870 470 sententia
897 430 965 469 dia
994 430 1183 471 Catonis:

153 486 257 523 Nam
286 484 458 524 simulac
489 497 617 524 venas
646 482 805 524 inflavit
831 492 943 523 tetra
973 482 1125 534 libido,

154 539 250 576 Huc
278 538 453 578 iuvenes
483 552 664 593 aequum
693 545 757 577 est
779 537 1039 577 descendere
1055 567 1067 587 ,
1093 551 1178 578 non
1206 539 1358 578 alienas

152 591 403 631 Pet-molere
432 605 598 631 uxores.
628 591 768 630 Nolim
795 590 1027 641 laudarier,
1055 591 1211 646 inquit,
1422 592 1476 633 35

155 645 224 684 Sic
251 659 343 696 me,
373 645 548 685 mirator
576 646 700 684 cunni
730 645 982 698 Cupiennius
1013 643 1108 684 albi.

152 699 315 738 Audire
347 707 411 738 est
438 713 594 752 operae
622 698 831 752 pretium,
858 697 1098 751 procedere
1124 706 1243 739 recte

154 753 241 808 Qui
268 752 470 792 moechos
496 767 581 792 non
608 752 756 802 vultis,
783 760 831 791 ut
858 751 970 790 omni
995 747 1116 805 parte
1144 750 1360 803 laborent3

153 808 295 861 thue
323 806 402 846 illis
433 807 567 846 multo
595 813 796 859 corrupta
824 805 975 845 dolore
998 805 1215 859 voluptas,

152 861 294 915 Atque
323 859 429 900 haec
456 874 551 900 rara
579 861 700 899 cadat
727 859 833 899 dura
859 859 968 898 inter
995 872 1065 898 sae
1099 872 1122 898 e
1150 858 1322 912 pericla.
1423 863 1476 907 40

152 914 234 953 Hic
263 926 308 952 se
335 914 612 967 praecipitem
639 921 754 952 tecto
785 912 929 963 dedit3
958 912 1029 951 ille
1057 912 1235 967 lagellis

152 967 222 1006 Ad
249 975 431 1006 mortem
460 981 630 1018 caesus;
662 966 830 1005 faviens
858 965 927 1006 hic
957 965 1112 1005 decidit
1139 979 1278 1005 acrem

153 1020 424 1060 Praedonum
442 1021 484 1060 in
501 1021 689 1071 turham3
715 995 836 1059 {ledit
854 1019 922 1059 hic
953 1033 1032 1073 pro
1057 1032 1239 1073 corpore
1259 1032 1474 1069 uummos3

154 1076 278 1116 Hunc
306 1075 623 1127 perminxerunt
652 1074 846 1123 calones3
902 1074 972 1112 uin
1002 1073 1126 1112 etiam
1152 1072 1258 1111 illud

153 1128 341 1177 Accidit,
370 1136 417 1166 ut
444 1128 614 1181 quidam
641 1134 772 1166 testes
799 1140 875 1165 cau
909 1141 971 1166 am
1003 1140 1058 1165 ue
1086 1126 1266 1165 salacem
1424 1125 1478 1173 45

153 1182 405 1220 Demeteret
433 1181 563 1219 ferro.
594 1181 689 1218 Iure
719 1193 883 1218 omnes:
914 1180 975 1218 Ga
1022 1193 1045 1218 a
1071 1178 1263 1232 negabat.

155 1234 307 1273 Tutior
340 1242 381 1273 at
409 1242 564 1288 quanto
593 1246 712 1271 merx
741 1240 806 1270 est
833 1232 874 1270 in
901 1232 1032 1271 classe
1060 1230 1264 1271 secunda!

155 1286 466 1327 Libertinarum
495 1287 613 1336 dico,
645 1284 865 1324 Sallustius
893 1285 934 1324 in
964 1299 1064 1339 quas

154 1342 249 1380 Non
277 1342 412 1380 minus
439 1341 608 1390 insanit,
637 1353 762 1394 quam
790 1338 862 1392 qui
887 1337 1146 1378 moechatur.
1178 1337 1236 1377 At
1262 1337 1330 1377 hic
1361 1337 1418 1389 si,

157 1394 253 1488 ssua
279 1409 372 1445 res,
403 1409 484 1449 qua
511 1394 617 1433 ratio
647 1391 868 1441 suaderet,
896 1405 1063 1446 quaque
1091 1391 1284 1431 modeste
1424 1389 1478 1430 50

198 1447 353 1488 'unifico
384 1461 476 1487 esse
505 1447 630 1497 licet,
659 1446 790 1486 vellet
817 1444 954 1484 bonus
985 1453 1110 1500 atque
1138 1445 1344 1499 benignus

156 1504 287 1542 Esse:
319 1502 439 1540 daret
469 1509 667 1557 quantum
695 1499 791 1538 satis
828 1507 960 1549 esset3
990 1512 1070 1538 nec
1098 1498 1176 1541 sibi
1203 1499 1354 1538 damno

156 1555 457 1609 Dedecorique
483 1556 619 1604 foret3
647 1567 795 1593 verum
823 1551 906 1591 hoc
934 1566 978 1591 se
1010 1552 1276 1605 amplectitur
1303 1565 1410 1602 uno,

157 1612 254 1648 Hoc
276 1617 406 1658 amat,
433 1608 515 1648 hoc
534 1607 696 1646 laudat:
725 1608 958 1644 Mati-onam
978 1605 1134 1649 nullam
1159 1619 1240 1659 ego
1260 1613 1402 1659 tango.

109 1701 115 1711 ,
158 1664 215 1702 Ut
243 1662 453 1717 quondam
480 1664 693 1701 Marsaeus
709 1690 719 1709 ,
748 1667 908 1698 amator
939 1658 1125 1713 Originis
1152 1659 1249 1709 ille,
1425 1658 1479 1699 55

159 1716 245 1777 Qui
264 1716 447 1770 patrium
469 1716 620 1756 mimae
642 1714 768 1753 donat
786 1712 1048 1767 fundumque
1068 1712 1310 1766 laremque,

158 1882 204 1889 —
228 1875 263 1896 v.
282 1865 336 1898 30.
362 1863 472 1895 olenti
491 1859 635 1905 quidam
652 1859 773 1895 Codd.
801 1867 837 1896 et
862 1866 978 1894 servat
992 1861 1077 1891 Fea.
1102 1857 1174 1892 Sed
1188 1856 1406 1892 Vid.'Bentl.
1432 1854 1480 1890 ad

161 1908 234 1943 Od.
261 1910 297 1951 I,
314 1910 377 1949 25,
398 1920 446 1951 ¹7-
466 1926 511 1931 -—
535 1919 569 1939 v.
586 1908 638 1938 38.
664 1907 821 1939 moechos
842 1907 955 1939 Bentl.
977 1917 1019 1938 ex
1035 1903 1158 1940 Codd.
1181 1909 1217 1937 et
1237 1905 1322 1935 loco
1342 1901 1440 1933 Ennii
1461 1913 1482 1934 a

160 1955 360 1989 Scholiasta
383 1952 543 1986 laudam.
570 1951 678 1995 Vulg.
703 1952 860 1984 moechis.
886 1952 941 1984 Cf.
967 1949 1092 1983 Heind.
1116 1968 1162 1974 —
1183 1960 1219 1981 v.
1239 1948 1293 1990 45.
1319 1947 1378 1979 8ἰο
1403 1958 1479 1978 om-

162 2011 222 2032 nes
247 2001 320 2033 sere
348 1998 464 2033 Codd.
494 2004 530 2032 et
555 2004 642 2031 vett.
658 1997 748 2031 Edd.
774 1998 852 2029 Duo
879 1995 998 2030 Codd.
1014 1995 1174 2027 Lambin.
1198 1999 1234 2027 et
1258 2003 1348 2024 unus
1369 1992 1478 2036 Cruq.

162 2044 323 2084 caldam,-
361 2056 447 2076 unus
473 2041 566 2076 Cod.
589 2044 682 2075 Fene
707 2041 923 2075 demeterent.
967 2041 1070 2073 Unde
1096 2040 1151 2072 vel
1177 2036 1314 2071 cuidam
1331 2061 1481 2072 ......

161 2089 343 2123 demeteret
365 2089 530 2133 serrum,
569 2090 624 2120 vel
660 2087 797 2121 cnidum
822 2111 830 2119 .
847 2112 855 2119 .
873 2113 881 2121 .
908 2086 1113 2119 demetet-ent
1131 2082 1237 2128 ferro
1274 2081 1478 2116 ediderunt.

160 2134 246 2169 Vid.
270 2136 386 2169 Bentl.
415 2141 452 2169 et
475 2131 600 2166 Heind.
627 2152 672 2157 —
693 2146 728 2166 v.
751 2131 806 2175 48.
829 2133 866 2164 in
890 2143 963 2178 qua
986 2131 1102 2164 Bentl.
1128 2140 1171 2162 ex
1194 2139 1266 2160 uno
1293 2128 1383 2161 Cod.
1407 2127 1480 2160 Sed

163 2182 218 2215 Cf.
235 2179 359 2214 llcind.
385 2199 430 2205 —-
452 2191 488 2213 v.
503 2182 561 2214 56.
585 2181 705 2211 mimae
730 2189 868 2211 censum
893 2176 1037 2210 donavit
1051 2186 1180 2208 avarae
1201 2174 1316 2207 Codd.
1333 2171 1479 2218 quidam

164 2239 253 2272 quos
276 2224 400 2261 laudat
422 2227 495 2258 Fea
517 2233 554 2260 ct
580 2225 675 2257 Coll.
701 2224 781 2256 Sax.
