1526 2404
448 156 676 188 cummim
703 153 789 178 mn.
816 136 874 185 u,
904 133 942 174 ὁ.

55 270 209 308 lam‘te
236 275 282 303 se
344 267 462 299 etur:
488 251 619 294 cum't
649 247 759 288 enim
785 243 912 283 ferox

59 323 209 368 Aetas,
235 325 280 357 et
303 313 387 361 illi,
414 321 520 366 quos
545 304 622 344 tibi
649 296 872 345 demserit‚

111 375 309 428 Apponet
327 377 475 413 annos;
495 360 576 399 iam
595 363 797 411 proterva

164 427 324 467 Fronte
350 424 468 474 petet
492 412 648 465 Lalage
674 405 888 449 maritum,

60 500 248 547 Dilecta,
274 501 472 551 quantum
498 500 583 526 non
607 481 772 523 Pholoe·
800 477 954 530 fugax,

59 556 154 593 Non
182 549 370 596 Chloris,
399 543 492 586 albo
523 540 581 579 sie
606 538 784 577 humen-o
812 531 945 570 nitens

112 607 170 647 Ut
192 617 300 659 pura
327 605 532 640 nocturno
558 590 724 631 renidet

164 660 283 698 Luna
308 651 434 699 mari,
463 646 687 686 Cnidiusve
712 641 877 694 Gyges»,
1330 640 1383 667 20

1326 337 1375 377 15

138 747 207 774 em
233 733 268 772 si
295 728 529 784 puellarum
554 722 761 760 insereres
789 714 947 762 choro,

107 750 137 775 u

65 736 174 832 31oe
202 796 371 839 sagaces
399 779 567 819 falleret
591 770 780 824 hospites

120 839 357 881 Discrimen
384 833 608 874 obscurum
633 822 779 864 solutis

176 890 367 932 Crinibus
397 884 677 937 ambiguoque
705 874 835 915 vultu.

950 828 977 836 ⁵—

577 999 771 1047 ⁴Cannam
803 1001 873 1042 Vl.

477 1097 564 1136 AD
602 1078 987 1132 SEPT1M1UM.

741 1178 870 1211 endum
900 1184 1020 1206 secum
1054 1172 1088 1202 in
1121 1171 1305 1202 senectute
1341 1164 1397 1196 vel

146 1200 276 1234 Invitat
307 1203 387 1227 eum
409 1188 573 1221 Horatius
606 1182 651 1215 ad
686 1181 738 1212 viv

81 1247 238 1284 Tibure,
272 1241 329 1273 vel
360 1239 388 1270 si
412 1235 481 1268 hoc
503 1232 580 1264 fieri
604 1230 758 1283 nequeat
782 1221 953 1260 Tarenti,
989 1226 1142 1262 quorum
1165 1213 1398 1247 amoenitate,-

85 1290 255 1326 dilaudat.

536 1336 688 1368 Metram
713 1326 936 1373 Sapplu'cum.

87 1426 287 1483 Septimi,
314 1421 452 1462 Gades
479 1417 641 1457 aditure
668 1423 856 1456 mecum,
883 1412 926 1445 et

91 1479 344 1523 Cantabrum
369 1474 580 1514 indoctum
606 1469 704 1520 iuga
731 1463 849 1502 ferre
885 1465 1047 1507 nostra,
1075 1463 1118 1495 et

91 1534 296 1577 Barbaras
325 1530 488 1581 Syrtes,
516 1522 588 1563 uhi
612 1522 758 1560 Maura
785 1526 952 1566 semper

267 1587 270 1589 ’
354 1583 528 1620 Aestuat
565 1573 696 1621 unda,

95 1662 249 1709 Tibur,
278 1658 420 1710 Argeo
450 1650 632 1704 positum
662 1646 838 1692 colono,
1388 1628 1413 1667 5

98 1717 161 1756 Sit
187 1725 305 1753 meae
333 1707 454 1748 sedes
481 1703 636 1742 utinam
664 1705 884 1745 senectae3

98 1770 163 1810 Sit
187 1765 336 1806 modus
365 1762 475 1799 lasso
502 1755 625 1794 maris
654 1762 697 1794 et
727 1752 886 1791 viarum

360 1812 629 1864 Militiaeque.

102 1889 222 1930 Unde
255 1886 291 1925 si
315 1886 476 1923 Parcae
531 1875 726 1918 rohibent
744 1871 932 1925 iniquae,

1375 1921 1421 1946 ιο

103 1942 240 1982 Dulce
263 1937 419 1994 pellitis
441 1934 511 1975 ovi
539 1945 588 1971 us
618 1925 783 1968 Galaesi

181 2100 219 2121 v.
246 2088 298 2120 13.
335 2085 431 2116 velox
464 2088 531 2113 aet.
563 2077 654 2112 cod,
690 2085 779 2107 unus
813 2075 919 2106 Feae.
951 2066 1153 2103 Wakefield
1186 2075 1205 2097 e
1240 2071 1340 2094 versu
1373 2068 1422 2099 ¹7·

100 2134 227 2181 fugax
250 2131 320 2164 huc
341 2127 551 2171 transponit,
575 2123 694 2165 ibique
718 2116 968 2162 Pholoeserox
991 2115 1089 2157 legit.
1112 2112 1166 2143 Cs.
1191 2108 1357 2148 Doering.
1382 2119 1427 2126 --

112 2191 148 2212 v.
172 2188 227 2211 πο.
254 2174 467 2219 Cnidiusqtae
490 2172 574 2202 Fea.
603 2167 658 2199 Cf.
682 2165 781 2198 Iahn.

157 2222 236 2263 VI,
257 2233 295 2254 v.
308 2230 355 2254 ἰο
378 2219 540 2251 Gale-vum
558 2212 726 2246 Zurkvin
749 2210 851 2243 variis
872 2209 973 2241 lectt.
993 2205 1049 2239 Gr.
1069 2202 1171 2235 Both.
1193 2199 1370 2231 motatt.
1385 2209 1432 2217 -
