1526 2404
475 176 711 204 snumonun
738 176 823 202 mn.
851 163 880 200 1.
890 163 941 204 -3.
1328 176 1374 215 ¹7

59 270 349 329 Quidm‘dt,
374 271 542 325 ignoras
567 268 643 310 te?
671 283 722 308 an
750 277 798 308 ut
823 268 1013 323 ignotum
1041 266 1142 308 dare
1167 267 1287 309 nobis

58 324 206 366 Werha
233 323 385 379 putas?
414 325 451 363 E
484 331 599 363 omet
624 323 682 362 mi
705 322 903 376 ignosco,
929 321 1117 361 Maenius
1144 321 1290 377 inquit.

60 377 224 418 Stultus
251 385 295 417 et
321 377 458 430 impro
489 391 538 416 us
565 376 635 416 hic
661 389 780 415 amor
808 383 874 415 est
898 374 1133 429 dignusque
1159 375 1312 416 notari.

61 431 206 525 &rum
230 437 306 472 tua
328 430 553 484 pervideas
581 429 711 468 oculis
737 429 844 468 mala
870 427 1009 481 lippus
1035 427 1235 479 inunctis,
1337 429 1390 470 25

91 524 102 529 ,
178 483 222 524 in
249 483 478 523 amicorum
507 482 614 521 vitiis
642 490 724 521 tam
748 481 883 522 cernis
909 489 1101 529 acutum,

62 537 204 632 guam
229 543 302 576 aut
328 536 465 598 aquila
483 544 555 575 aut
575 548 748 588 serpens
774 533 1059 588 Epidaurius?
1075 534 1134 574 At
1153 534 1229 575 tibi
1246 543 1393 575 contra

103 589 239 638 venit,
265 589 474 644 inqmrant
506 587 604 627 vitia
631 596 680 628 ut
703 601 848 627 rursus
874 595 919 628 et
943 587 1017 626 illi.

62 642 308 684 Iracundior
334 649 398 681 est
421 641 572 695 paulo3
597 641 731 680 minus
758 649 879 696 aptus
904 641 1036 681 acutis

64 695 246 737 Naribus
273 694 427 734 horum
452 694 690 745 hominum
716 694 847 734 rideri
871 693 1029 747 possit,
1056 707 1110 734 eo
1138 695 1254 750 quod
1339 695 1394 736 30

65 748 279 790 Rusticius
304 755 428 787 tonso
455 755 558 801 toga
583 746 755 797 defluit,
784 755 827 786 et
851 747 962 786 male
986 747 1103 787 laxus

66 804 114 842 In
139 800 254 855 pede
282 800 448 840 calceus
474 799 643 846 haeret:
673 808 715 840 at
742 808 806 839 est
831 799 988 846 bonus,
1015 809 1062 839 ut
1089 801 1240 840 melior
1267 801 1332 841 vir

65 858 162 895 Non
192 853 295 892 alius
324 853 564 908 quisquam3
584 861 627 892 at
647 853 723 892 tibi
742 853 919 904 amicus;
948 862 990 893 at
1008 853 1220 907 ingenium
1247 854 1394 908 ingens

67 907 231 947 Inculto
250 906 365 946 ‘latet
390 906 474 946 hoc
503 906 580 946 sub
608 919 812 959 corpore:
841 906 1022 961 denique
1051 914 1096 946 te
1131 907 1269 959 ipsum

71 962 284 1009 Concute,
310 973 411 998 num
438 973 523 1013 qua
549 959 627 998 tibi
654 959 852 999 vitiorum
878 959 1078 999 inseverit
1106 960 1205 999 olim
1343 959 1399 1000 35

68 1016 229 1054 Natura
254 1020 326 1052 aut
357 1012 483 1052 etiam
509 1009 772 1052 'consuetudo
798 1013 926 1052 mala:
954 1026 1134 1067 namque

68 1064 286 1120 Neglectis
313 1064 474 1105 urenda
500 1065 587 1104 filix
608 1065 835 1105 innascitur
860 1066 983 1120 agris.

68 1120 175 1159 Illuc
188 1126 541 1180 -pmevermmurz
568 1127 797 1158 amatorem
825 1119 941 1174 quod
977 1119 1134 1158 amicae

70 1174 230 1225 Turpia
256 1171 471 1224 decipiunt
497 1184 669 1211 caecum
695 1171 818 1221 vitia,
845 1180 917 1212 aut
946 1172 1070 1211 etiam
1097 1172 1186 1225 ipsa
1213 1170 1319 1212 haee

69 1225 318 1275 Delectant,
346 1224 478 1264 veluti
500 1224 721 1264 Balbinum
749 1226 929 1279 polypus
957 1227 1143 1279 Hagnae.
1348 1231 1402 1273 4⁰

69 1278 239 1320 Vellem
263 1277 307 1316 in
333 1277 509 1316 amicitia
536 1277 596 1318 sie
623 1292 882 1327 errat-emm,
910 1286 954 1318 et
978 1279 1046 1318 isti

70 1327 223 1371 Errori
247 1343 403 1370 nomen
429 1331 561 1370 virtus
588 1331 1060 1384 posuissethonestum.

0 1434 2 1445 ἱ
72 1385 131 1423 At
155 1391 278 1437 pater
304 1391 352 1425 ut
379 1384 514 1436 gnati,
542 1384 602 1423 sie
628 1398 705 1424 nos
735 1383 937 1424 debemus
966 1385 1108 1432 amici,

75 1437 122 1475 Si
147 1436 263 1490 quod
288 1435 342 1475 sit
369 1436 536 1486 vitium,
563 1451 648 1476 non
674 1437 887 1477 fastidire:
919 1437 1157 1478 strabonem

74 1489 273 1550 Appellat
291 1489 476 1549 ‘Paetum
503 1498 647 1542 pater3
675 1499 718 1530 et
744 1491 933 1540 Pullum,
961 1492 1069 1531 male
1094 1505 1248 1545 parvus
1348 1492 1403 1538 45

75 1541 123 1580 Si
149 1553 219 1580 cui
243 1535 352 1579 films
380 1550 468 1590 est,
492 1551 540 1581 ut
567 1543 781 1583 abortims
807 1543 889 1583 fuit
917 1545 1016 1583 olim

77 1593 298 1646 Sisyphum
325 1593 435 1632 hunc
460 1595 642 1644 Varum,
669 1597 854 1636 distortis
885 1597 1096 1647 cruribusg
1124 1598 1239 1637 illum

76 1646 275 1687 Balbutitv
293 1645 519 1696 Scaurum,
575 1648 685 1687 ravis
712 1649 864 1687 fultum
892 1651 1001 1690 male
1030 1653 1135 1690 talis.

76 1700 249 1739 Parcius
274 1698 342 1737 hic
364 1698 502 1737 vivit?
550 1701 644 1753 rugi
671 1701 846 1740 dicatur.
871 1704 1039 1756 ineptus

77 1754 137 1792 Et
158 1752 378 1792 iactantior
403 1750 471 1791 hic
490 1753 616 1805 paulo
644 1755 736 1793 est!
764 1756 987 1796 concinnus
1006 1757 1146 1797 amicis
1349 1758 1401 1797 50

80 1906 127 1915 —
148 1900 186 1922 v.
208 1890 265 1923 25.
284 1889 384 1922 ‘Unus
411 1888 503 1923 Cod.
528 1889 753 1935 praevideas,
785 1892 890 1935 pauci
913 1889 1115 1936 provideas,
1140 1893 1268 1936 reliqui
1290 1893 1403 1937 pervi-

24 1935 28 1938 ’
81 1933 168 1966 deas
188 1934 306 1968 Bentl.
329 1936 425 1968 coni.
452 1936 539 1967 Cum
564 1944 626 1968 tna
650 1944 688 1968 m
715 1935 843 1968 videas.
869 1937 979 1971 Both.
1002 1949 1067 1980 pro
1094 1937 1208 1970 videas
1230 1938 1340 1969 oculis
1364 1944 1401 1970 ut

83 1981 307 2024 praepositio
340 1991 408 2024 pru
443 1991 522 2013 cnm
556 1981 666 2012 oculis
703 1983 949 2024 coniungatur.
984 1980 1069 2014 vid.
1104 1984 1208 2015 Henr.
1234 1982 1403 2026 Sirpium.

86 2023 182 2067 apud
205 2023 309 2058 Both.
331 2026 522 2059 Annotatt.
549 2026 671 2058 Heind.
696 2031 734 2060 et
756 2027 839 2058 Fea.
868 2024 919 2052 *⁶—
950 2039 1036 2059 vers.
1062 2026 1138 2059 eod.
1165 2028 1281 2061 sscnfl.
1316 2027 1404 2058 male

87 2079 107 2101 e
133 2067 252 2102 codd.
281 2070 460 2112 probante
483 2069 610 2104 Heind.
647 2089 695 2096 —
727 2082 764 2103 v.
786 2081 840 2113 29.
878 2071 1025 2104 aduncis
1059 2082 1126 2115 pro
1159 2074 1275 2105 acuu's
1310 2073 1403 2104 coni.

87 2112 205 2146 Bentl.
230 2113 285 2145 Cf.
311 2114 437 2148 Heind.
470 2136 515 2142 —
554 2127 591 2148 v.
616 2114 670 2157 34.
700 2123 840 2159 pectore
866 2115 985 2151 Cudd⁴
1009 2116 1147 2159 aliquot
1170 2129 1236 2161 pro
1262 2128 1404 2160 corpore

89 2156 146 2188 (J.
168 2156 292 2193 Bentl.
325 2177 371 2184 —
405 2173 442 2196 v.
468 2160 524 2203 40.
562 2162 686 2203 Agnae
710 2159 833 2195 codd.
879 2161 951 2194 Sed
975 2161 1018 2193 V.
1040 2161 1157 2196 Benss.
1185 2170 1222 2196 et
1245 2163 1327 2194 Fca.
1360 2179 1405 2186 —

89 2212 125 2233 v.
149 2201 206 2244 43.
230 2201 298 2234 Alii
326 2201 450 2241 Codd.
474 2217 518 2239 ac
540 2215 609 2251 pro
633 2213 672 2238 αι
694 2203 798 2240 Both.
814 2207 908 2239 coni.
930 2214 1006 2240 αιιε.
1033 2204 1240 2292 (ζῆδῐῖεἰιιά.
1264 2223 1309 2232 --

139 2255 261 2289 Horat·
275 2257 322 2293 Π.
