1526 2404
109 142 164 196 76
558 157 597 196 Q·
627 154 812 181 nonan
841 154 995 182 FLACCI

109 245 345 286 Destrictus
374 244 481 284 ensis
510 244 577 284 cui
605 255 654 280 su
686 256 733 282 er
759 242 885 296 impia

111 299 287 351 Cervice
314 298 471 351 pendet
487 327 500 347 ,
523 311 607 336 non
637 257 800 336 Sliculae
837 295 963 348 dapes

161 353 341 392 Dulcem
371 350 645 390 elaborabunt
673 363 888 402 saporem,

214 408 309 445 Non
337 404 475 445 avium
504 404 772 459 citharaeque
801 411 944 443 cantus

110 481 311 521 Somnum
336 481 554 521 reducent.
588 480 766 519 Somnus
796 478 1022 532 agrestium

107 535 232 575 Lenis
265 534 452 574 virorum
478 550 563 574 non
590 532 768 573 humiles
792 533 940 572 domos

161 588 338 628 Fastidit
351 618 361 636 ,
389 588 684 628 umbrosamve
704 586 859 639 ripam,

210 643 306 680 Non
335 642 539 696 Zephyris
568 641 719 695 agitata
736 642 909 694 Tempe.

111 717 434 758 Desiderantem
461 716 577 772 quod
603 716 700 756 satis
732 724 817 768 est,
853 728 991 771 neque

109 772 433 811 Tumultuosum
461 770 656 810 sollicitat
691 784 831 821 mare,

158 826 247 864 Nec
275 838 425 864 saevus
454 823 625 863 Arcturi
652 824 838 863 cadentis

215 879 421 932 Impetus,
451 886 521 917 aut
538 876 720 916 orientis
750 875 910 927 Haedi,

110 953 204 992 Non
232 952 482 992 verberatae
512 951 711 1005 grandine
739 950 884 990 vineae

107 1006 363 1060 Fundusque
390 1005 590 1054 mendax,
619 1003 770 1043 arbore
797 1018 906 1044 nunc
944 1019 1069 1062 aquas

160 1059 389 1112 Culpante,
415 1071 524 1097 nunc
552 1057 756 1097 torrentia
784 1071 908 1110 agros

212 1111 385 1163 Sidera,
412 1124 522 1150 nunc
549 1110 715 1149 hiemes
734 1109 907 1164 iniquas.

108 1185 334 1225 Contracta
351 1186 487 1239 pisces
509 1198 556 1223 ae
589 1199 694 1224 uora
713 1185 895 1224 sentiunt

107 1238 228 1278 Iactis
262 1239 303 1277 in
332 1240 461 1288 altum
478 1238 563 1277 mol
610 1252 680 1288 us3
698 1238 781 1277 huc
797 1236 1004 1293 frequens

161 1292 386 1332 Caementa
407 1291 588 1331 demittit
606 1291 826 1330 redemtor

211 1345 317 1384 Cum
334 1345 498 1391 famulis
511 1375 522 1395 ,
543 1345 819 1399 dominusque
842 1351 985 1385 terrae

107 1420 143 1459 F
146 1421 391 1461 astidiosus:
411 1421 488 1461 sed
507 1421 653 1461 Timor
676 1429 719 1461 et
746 1420 881 1460 Minae

108 1473 320 1514 Scandunt
337 1474 510 1525 eodem,
531 1488 614 1529 quo
635 1474 847 1513 dominus:
874 1487 1012 1528 neque

158 1528 340 1567 Decedit
361 1536 501 1567 aerata
529 1528 715 1577 triremi,
737 1535 780 1566 et

212 1582 317 1620 Post
336 1581 520 1636 equitem
535 1581 656 1620 sedet
676 1588 765 1620 atra
785 1580 906 1619 Cura.

107 1648 237 1745 guod
256 1651 290 1690 si
310 1650 520 1691 dolentem
541 1664 619 1690 nec
642 1648 848 1702 Phrygius
882 1649 986 1703 lapis
999 1679 1012 1701 ,

147 1717 195 1742 ec
222 1718 502 1766 purpurarum
528 1704 666 1743 sidere
691 1702 843 1742 clarior

159 1757 330 1797 Delemt
355 1770 475 1807 usuS,
504 1771 582 1796 nec
599 1757 792 1806 >Falerna

211 1811 317 1853 Vitis
329 1841 341 1861 ,
368 1810 750 1850 Achaemeniumve
787 1816 970 1850 costum:

107 1875 195 1914 Cur
220 1874 451 1915 invidendis
479 1875 667 1928 postibus
695 1882 739 1913 et
763 1887 875 1914 novo

108 1927 292 1967 Sublimc
317 1929 402 1968 ritu
427 1928 575 1967 moliar
602 1926 780 1967 atrium?

160 1981 246 2021 Cur
273 1982 381 2021 valle
406 1990 643 2035 permutem
668 1980 817 2020 Sabina

212 2034 388 2074 Divitias
417 2032 715 2088 operosiores?

1385 416 1437 445 20

1391 716 1443 755 25

1389 1004 1442 1046 30

171 2165 207 2207 1,
230 2178 261 2198 v.
281 2176 334 2209 17.
359 2167 558 2200 Destrictus
582 2168 745 2212 plerique
761 2166 877 2200 Codd.
891 2168 949 2201 alii
963 2166 1152 2201 deletarum.
1168 2185 1214 2193 --
1235 2178 1270 2200 ν.
1285 2166 1340 2210 43.
1364 2166 1424 2200 de-

104 2209 187 2244 lenit
210 2210 276 2246 Ed.
301 2211 428 2246 Venet.
453 2212 576 2245 Lamb.
599 2218 669 2246 etc,
711 2210 830 2245 delinit
862 2213 952 2246 Edd.
977 2224 1096 2246 omnes
1124 2213 1198 2247 sere
1222 2219 1306 2246 vett.
1332 2213 1422 2246 Cod.

107 2255 271 2300 Gotting.
296 2262 334 2292 et
358 2258 455 2292 Coll.
482 2258 562 2294 Sax.
584 2258 743 2293 Retinuit
768 2259 876 2293 etiam
902 2259 1018 2293 Bentl.
