1526 2404
457 179 683 209 csnmuum
714 181 799 207 mn.
827 169 867 220 1,
894 171 956 211 25.
1317 169 1371 211 35

1344 275 1372 316 Οἱ

51 270 170 330 Ergo
198 274 467 338 Quinctilium
493 283 725 329 perpetuus
764 287 895 328 sopor

51 328 203 384 Urget!
233 329 301 369 cui
325 329 495 378 Pudor,
523 337 564 367 et
592 327 776 367 Iustitiae
813 342 959 377 soror,

53 383 226 422 Incorru
256 390 299 421 ta
323 381 474 430 Fides,
502 381 696 435 nudaque
727 381 895 422 Veritas

36 457 45 463 ·
105 397 285 497 Quaniio
313 434 444 474 ullum
472 433 655 473 inveniet
690 432 866 487 parem?

51 498 192 537 Multis
218 498 291 538 ille
316 498 436 539 bonis
464 497 614 538 flebilis
641 498 794 539 occidit·
802 512 815 549 3
1338 522 1340 525 f

52 551 164 590 Nulli
184 549 387 603 flebilior,
417 566 543 607 quam
568 551 662 602 tibi,
696 551 870 605 Virgili‚
1325 564 1370 591 ιο

51 605 117 644 Tu
147 604 304 644 frustra
331 605 424 659 pius
439 635 449 653 ‚
476 604 580 654 heu,
603 619 686 644 non
712 605 769 644 ita
795 604 1000 644 creditum

102 658 248 698 Poscis
277 658 548 719 Quinctilium
575 659 703 697 Deos.

52 722 182 815 guod
210 724 246 762 si
272 723 472 763 Threicio
493 721 681 761 blandius
722 720 900 774 Orpheo

90 776 248 816 uditam
275 776 502 816 moderere
540 773 758 814 arboribus
795 772 947 829 fidem,

51 831 144 869 Non
171 843 302 870 vanae
330 829 476 868 redeat
502 842 572 868 san
633 827 666 866 is
703 827 893 881 imagini,
953 831 970 837 ’“
1324 828 1371 867 ι5

107 882 245 944 Quam
272 882 391 936 virga
417 881 549 921 semel
618 879 780 929 orrida,

52 947 147 984 Non
171 945 275 984 lenis
301 946 498 999 precibus
526 945 613 985 fata
645 944 894 994 recludere,

53 998 184 1051 Nigro
213 999 464 1052 compulerit
489 997 724 1038 Mercurius
759 996 893 1051 gregi.

54 1051 238 1090 Durum!
268 1051 355 1091 Sed
380 1052 514 1092 levius
545 1050 592 1091 fit
621 1050 842 1104 patientia,

107 1104 323 1164 Quidquid
339 1105 554 1160 corrigere
576 1112 640 1143 est
655 1102 787 1143 nefas.
1319 1118 1371 1145 20

534 1232 719 1271 CARMEN
756 1229 889 1271 XXV.

445 1316 482 1355 A
511 1317 550 1355 D
605 1318 640 1354 L
670 1317 706 1354 Y
733 1317 773 1354 D
800 1316 817 1354 I
846 1315 883 1353 A
912 1316 966 1354 M.

118 1399 266 1432 Insultat
290 1401 341 1441 ei,
369 1401 465 1444 quod
491 1402 576 1434 olim
601 1411 788 1444 arrogans,
812 1402 879 1434 iam
900 1401 1038 1442 vetula,
1059 1403 1188 1434 merito
1215 1403 1258 1435 ab
1275 1413 1368 1436 ama-

53 1444 188 1476 toribus
209 1451 405 1488 spernatur.

528 1535 679 1569 llIetmtm
705 1536 820 1568 Car-m.
846 1547 876 1569 2.

53 1614 223 1656 Parcius
250 1615 406 1654 iunctas
429 1616 616 1670 quatiunt
631 1615 836 1656 fenestras
856 1646 859 1648 -

54 1666 205 1706 Ictibus
237 1668 393 1707 crebris
421 1669 592 1708 iuvenes
628 1669 840 1722 proterii,

55 1721 142 1759 Nec
169 1719 245 1759 tibi
271 1735 438 1760 somnos
466 1722 669 1772 adimunt,
699 1731 890 1777 amatque

315 1775 439 1813 Ianua
475 1775 621 1825 limen,

1342 1845 1368 1884 θ’(

57 1839 177 1903 Quae
203 1842 318 1894 prius
347 1841 522 1880 multum
551 1841 682 1883 facilis
724 1844 921 1883 movebat

57 1894 268 1933 cardines.
298 1895 429 1933 Audis
456 1895 588 1934 minus
615 1905 659 1936 et
684 1898 818 1936 minus
854 1898 957 1936 iam:

56 1949 123 1985 Me
150 1955 223 1986 tuo
253 1947 395 2000 longas
422 1956 627 2000 pereunte
654 1959 822 2000 noctes,

329 2001 479 2052 Lydia,
506 2001 682 2042 dormis!

124 2137 254 2178 XXIV,
278 2149 307 2168 v.
322 2135 354 2168 8.
378 2135 431 2168 lta
445 2135 643 2177 Bentleius‚
659 2138 763 2180 quem'
774 2138 856 2170 Vid.
875 2149 917 2171 ex
932 2139 1012 2182 plus
1032 2148 1081 2173 ιο.
1094 2136 1212 2172 Codd.
1227 2142 1263 2170 et
1275 2135 1364 2168 Edd⁴

59 2185 141 2212 vett.
164 2181 288 2215 Lectio
314 2181 452 2223 vulgata
476 2186 527 2213 est
549 2182 730 2214 irwem‘ent.
756 2183 808 2215 Cf.
836 2183 941 2215 Both.

127 2226 238 2267 XXV,
260 2238 295 2259 v.
320 2236 347 2258 ι.
372 2226 502 2259 vinctas
527 2235 594 2270 pro
618 2227 756 2260 iunctas
779 2226 896 2261 codd.
919 2228 1038 2262 Bentl.
1062 2239 1166 2272 quem
1190 2227 1233 2261 V.

999 2273 1069 2312 3¹*
