1526 2404
152 181 164 204 l
174 164 224 206 60
596 178 635 217 ρ.
664 177 751 203 uon
761 176 848 203 A-rn
876 176 1032 205 emec!

147 270 360 323 Inceptos,
393 269 492 308 olim
518 270 770 323 promissum
799 284 990 322 carmen,
1017 271 1175 312 iambos

200 324 269 364 Ad
295 322 538 362 umbilicum
574 323 797 364 adducere.
1141 335 1146 337 “

148 380 243 418 Non
271 377 391 416 aliter
419 376 558 415 Samio
587 376 731 418 dicunt
759 377 908 419 arsisse
942 377 1137 431 Bathyllo

201 433 468 471 Anacreonta
504 432 678 482 Te'ium3
768 441 773 448 ”
1428 443 1474 471 ιο

151 485 237 547 Qui
263 496 470 538 persaepe
499 496 600 523 cava
625 483 836 524 testudine
864 485 984 527 {levit
1009 498 1215 535 amorem,

202 540 295 578 Non
323 536 583 576 elaboratum
612 538 664 577 ad
689 537 858 591 pedem.

148 592 292 632 Ureris
322 591 413 684 Ἐξ
442 590 589 630 miser!
618 591 734 647 quod
761 592 796 631 si
821 607 905 634 non
931 592 1148 647 pulchrior
1174 590 1282 647 ignis

202 645 344 684 Accen
376 660 389 683 1
435 643 647 684 obsessam
677 645 803 696 Ilion,

152 698 301 738 Gaude
329 705 444 738 sorte
471 705 542 738 tua
552 713 564 749 3
592 711 659 739 me
687 698 902 751 libertina,
931 703 1075 757 neque
1103 713 1190 741 uno
1430 697 1478 737 ¹5

205 752 434 803 Contenta,
460 752 629 805 Phryne
655 761 854 793 macerat.

633 882 822 922 CAnmm
850 882 942 924 XV.

544 965 583 1003 A
601 965 641 1004 Ι)
695 967 732 1006 Ν
750 946 845 1006 ΕἈ
863 967 900 1006 Ε
919 966 959 1006 R
978 966 1015 1006 A
1032 966 1087 1006 M.

395 1049 477 1084 Non
498 1057 670 1084 servatam
695 1050 740 1083 ab
765 1061 808 1083 ea
829 1049 939 1084 fidem
963 1050 1210 1094 conqueritur.

449 1138 612 1174 flletrum
638 1149 678 1173 ut
699 1142 737 1173 in
757 1139 983 1185 praecedenti
1002 1142 1165 1174 carmine.
1217 1136 1219 1138 ’

149 1219 244 1258 Nox
279 1227 390 1269 erat,
421 1226 464 1258 et
493 1219 615 1259 coel‘o
646 1218 837 1274 fulgebat
857 1221 975 1260 Luna
1010 1233 1161 1261 sereno

204 1274 318 1313 Inter
354 1271 515 1311 minora
552 1271 709 1323 sidera,

153 1326 297 1388 Quum
324 1334 370 1365 tu
396 1338 643 1379 magnorum
667 1339 820 1366 numen
848 1326 1013 1365 laesura
1038 1325 1254 1375 Deorum,

205 1381 251 1419 In
280 1379 410 1419 verba
436 1378 601 1418 iurabas
629 1393 745 1429 mea,
1291 1425 1295 1428 ι

151 1431 340 1481 Arctius,
372 1440 496 1524 att-{pe
526 1433 659 1472 edera·
681 1445 862 1486 procera
898 1431 1168 1486 adstringitur
1204 1429 1308 1481 ilex,

204 1486 347 1526 Lentis
377 1485 425 1524 ad
460 1499 605 1525 aerens
642 1485 843 1525 brachiis:

155 1542 269 1580 Dum
295 1540 442 1592 pecori
471 1539 617 1593 lupus,
646 1547 689 1580 et
713 1539 847 1578 nautis
875 1537 1052 1578 infestus
1079 1535 1214 1579 Or'ion

205 1593 415 1632 Turbaret
441 1591 662 1632 hibernum
687 1606 825 1642 mare,

151 1650 426 1700 Intonsosque
455 1646 632 1699 agitaret
658 1645 881 1700 Apollinis*
892 1659 992 1684 aura
1019 1644 1215 1698 capi1108‚

139 1739 143 1744 ,
205 1702 319 1740 Fore
346 1699 456 1738 hunc
485 1713 671 1739 amorem
696 1707 898 1740 mutuum.
1432 1710 1479 1735 ¹0

151 1755 194 1795 O
218 1753 400 1792 dolitura
426 1766 519 1791 mea
530 1754 716 1804 'multum
747 1753 900 1793 virtute
927 1755 1111 1803 Neaera,

206 1809 310 1846 Nam
337 1806 372 1845 si
400 1805 500 1860 quid
528 1806 570 1845 in
593 1807 751 1846 ⁴Flacco
783 1807 862 1846 viri
890 1815 975 1857 est,

154 1862 248 1900 Non
277 1859 390 1899 feret
419 1859 601 1898 assiduas
629 1859 788 1913 potiori
813 1868 857 1900 te
885 1859 986 1900 dare
1013 1866 1182 1909 noctes,

207 1915 264 1954 Et
292 1920 468 1967 quaeret
495 1912 623 1953 iratus
651 1927 819 1967 parem,
1103 1920 1106 1924 '

154 1969 244 2007 Nec
274 1965 406 2006 semel
437 1964 626 2007 offensae
655 1967 780 2007 cedet
810 1966 1038 2007 constantia
1065 1964 1253 2014 formae,
1430 1960 1476 2000 15

1453 1429 1479 1468 Οἳ

201 2098 281 2140 XV,
306 2110 336 2130 v.
363 2098 395 2131 8.
415 2107 450 2140 9.
476 2097 666 2140 Turbam,
693 2099 841 2142 agitarit
861 2099 982 2144 plnres
1009 2095 1127 2131 Codd.
1146 2101 1185 2131 et
1210 2093 1276 2130 Ed.
1301 2102 1356 2136 PP-
1378 2091 1478 2125 inde·

157 2155 226 2188 que
253 2144 368 2177 Bentl.
396 2148 432 2176 et
456 2143 537 2174 Fra.
563 2155 651 2186 quos
674 2143 759 2178 Vid.
792 2164 835 2170 -—
865 2157 894 2177 v.
919 2155 971 2177 ια.
1004 2144 1124 2176 vir-inm
1150 2140 1271 2177 Codd.
1299 2137 1413 2171 Vand.
1434 2157 1490 2186 -—r

157 2202 189 2223 V.
218 2191 267 2223 15.
294 2188 421 2234 offensi
437 2186 559 2222 Bentl.
585 2200 603 2221 e
629 2191 847 2224 coniectura.
873 2190 927 2223 Cs.
952 2189 1024 2223 Fea
1048 2194 1084 2221 et
1108 2186 1218 2221 Both.
1247 2188 1430 2231 Annotatt.
