1526 2404
463 150 693 180 camanum
718 154 790 181 Lm
831 142 882 180 m
896 173 906 193 ‚
956 155 995 193 7.
1333 157 1345 181 ι
1360 158 1372 182 ι
1388 159 1399 181 ι

72 243 143 284 Sic
172 252 216 285 et
242 245 419 300 Europe
444 245 613 285 niveum
640 245 791 287 doloso
1352 249 1407 290 25

73 297 265 337 Credidit
291 305 414 338 tam-o
442 299 573 348 latus,
605 306 647 338 et
674 307 903 340 scatentem

70 348 217 390 Beluis
242 359 419 404 pontum
445 351 689 406 mediasque
715 351 888 393 fraudes

334 404 491 443 Palluit
519 404 665 443 audax.

69 472 137 511 Nu
168 485 217 511 er
243 471 288 511 in
314 472 444 525 pratis
473 471 660 511 studiosa
685 468 863 524 florum,
890 481 934 515 et

71 525 140 564 De
169 524 252 564 itae
277 526 315 563 N
342 524 478 578 mphis
507 524 653 585 opifex
692 536 898 576 coronae,
1347 529 1404 570 30

69 578 205 618 Nocte
232 539 435 618 subfustri
462 577 563 616 nihll
588 585 698 616 astra
732 587 907 631 praeter

334 630 452 673 Vidit
477 638 520 670 et
547 631 692 670 undas.

69 696 200 793 guae
217 697 350 760 ‘simul
377 704 546 737 centum
572 697 711 751 tetigit
734 706 954 759 potentem
989 708 994 710 “

66 750 644 857 Εὲιῖᾏᾶἷοιξὲῗῗῖἒεξῖᾞέ
654 751 920 854 ,οᾱῑῗῖἒιῗωω
1346 805 1401 846 35

330 856 455 899 Victa
480 855 652 895 furore!

67 922 219 964 Unde?
247 936 333 978 quo
361 922 488 963 veni?
517 923 645 962 Levis
672 936 755 962 una
782 937 897 962 mors
936 932 1002 963 est

67 977 290 1031 virginum
315 976 478 1037 culpae.
505 976 750 1037 Vigilansne
777 976 903 1030 ploro

68 1031 215 1084 Turpe
242 1042 508 1070 comrmssum
521 1028 542 1067 ‘3
569 1042 622 1068 an
648 1036 759 1070 vitus
785 1036 1000 1069 carentem

330 1081 459 1121 Ludit
483 1081 622 1135 imago
810 1116 815 1124 .
1340 1087 1396 1130 4⁰

66 1147 208 1208 V³¹¹³2
230 1159 339 1202 quae
365 1153 490 1199 porta
515 1141 685 1206 fugiens
713 1144 874 1184 eburna
1122 1164 1124 1167 ·
1251 1165 1255 1168 ·
1396 1166 1402 1170 -

15 1206 22 1211 '
65 1200 283 1239 Sommum
313 1197 459 1238 ducit?
484 1198 691 1238 Mehusne
722 1195 876 1236 fluctus

66 1253 134 1292 Ire
159 1266 240 1306 per
265 1253 336 1292 lon
369 1265 416 1291 os
443 1251 548 1301 fuit,
573 1264 624 1290 an
651 1258 845 1290 recentes

329 1265 518 1358 ἔπρεπε
545 1301 707 1343 flores?

65 1371 111 1411 Si
199 1371 210 1380 '
257 1370 445 1410 infamen
470 1370 572 1410 mihi
598 1382 708 1408 nunc
734 1369 962 1409 iuvencum
1339 1371 1400 1417 45

62 1425 132 1464 De
162 1432 205 1463 at
232 1424 385 1464 iratae!
415 1424 605 1463 lacerare
640 1422 760 1462 ferro
789 1430 834 1462 et

63 1477 280 1531 Frangere
310 1477 444 1517 enitar
470 1475 599 1516 modo
627 1475 807 1514 multum
831 1474 956 1514 amati

327 1530 496 1569 Cornua
523 1528 711 1569 monstri.

62 1592 286 1647 Impudens
312 1592 416 1647 liqui
442 1591 600 1645 patrios
627 1593 833 1631 Penates:

62 1645 286 1699 Impudens
314 1645 478 1685 Orcum
506 1644 671 1683 moror!
698 1643 738 1683 Ο
770 1644 963 1682 Deorum
1337 1643 1395 1683 50

65 1698 111 1738 Si
141 1699 235 1754 quis
261 1698 368 1738 haec
395 1697 534 1746 audis,
560 1696 718 1735 utinam
745 1696 856 1734 inter
883 1708 1023 1735 errem

324 1750 446 1789 Nuda
480 1748 646 1787 leones!

62 1819 300 1874 Antequam
325 1818 460 1871 turpis
488 1815 642 1855 macies
668 1814 867 1854 decentes

63 1871 261 1925 Occupet
287 1871 439 1920 malas,
466 1877 726 1922 teneraeque
753 1879 904 1907 succus

62 1922 235 1964 Defluat
260 1923 469 1978 praedae,
498 1920 689 1974 speciosa
723 1932 883 1974 quaero
1333 1919 1392 1960 55

324 1978 508 2015 Pascere
535 1973 680 2027 tigres.

131 2101 163 2121 v.
187 2088 242 2131 34.
275 2091 306 2122 O
328 2098 442 2134 pater,
468 2090 499 2120 0
520 2088 676 2120 relictum
699 2099 789 2120 unus
814 2085 906 2121 Cod.
932 2085 1030 2131 apud
1052 2086 1174 2120 Bentl.
1201 2099 1306 2133 quem
1331 2088 1386 2121 Cf.

61 2150 107 2157 —
130 2145 162 2165 v.
186 2135 241 2176 39.
276 2135 356 2167 vitio
393 2134 509 2167 Bentl.
548 2138 677 2166 contra
715 2143 838 2165 omnes
875 2131 995 2165 Codd.
1030 2130 1114 2165 vid.
1153 2132 1303 2166 Gesner.
1340 2150 1388 2160 -·

63 2189 95 2210 v.
120 2175 176 2219 48.
202 2180 302 2211 tauri
319 2188 387 2223 pro
408 2178 560 2211 monstri
581 2178 716 2212 multae
742 2175 834 2211 Edd.
860 2177 905 2210 V.
928 2177 1042 2210 Bentl.
1061 2194 1109 2203 —-
