1526 2404
544 190 722 220 amnon
748 192 893 221 amun.
903 221 915 234 ⁸
925 184 965 226 5.
1338 192 1415 239 ¹47

152 282 209 321 Et
235 282 410 337 Appiam
436 285 592 325 mannis
618 287 740 337 terit3

101 334 393 391 Sedilibusque
420 351 592 393 magnus
620 340 661 380 in
688 340 832 394 primis
855 354 1009 398 eques,
1368 347 1416 388 15

153 387 324 429 Othone
349 399 584 443 contemto,
611 393 743 434 sedet.
961 412 969 419 ¹

103 440 219 503 Quid
251 443 396 483 attinet
421 452 486 484 tot
514 459 587 485 ora
613 447 781 488 navium
808 447 928 503 gravi

151 495 349 536 Rostrata
376 497 473 537 duci
498 499 687 552 pondere

100 548 256 589 Contra
288 550 470 590 latrones
498 559 622 612 atque
650 553 844 594 servilem
870 568 1059 606 manum,

153 603 274 653 Hoc,
306 602 387 643 hoc
418 604 587 645 tribuno
614 605 822 647 militum?
1362 623 1415 651 20

618 734 807 776 Canium
843 736 895 779 V.

396 834 453 872 IN
480 832 750 874 CANmLAM
776 834 1118 877 VENEFICAM.

166 921 421 954 Describuntur
450 933 552 960 sacra
582 925 717 968 magica
739 922 928 958 horrendis
961 925 1119 960 artificiis
1150 936 1172 961 a
1190 925 1340 964 Canidia
1374 935 1415 965 ut

99 972 293 1000 amatorem
318 967 509 1011 devinciat,
533 969 664 1003 habita.

604 1050 770 1086 splen-um
792 1051 898 1085 idem.

100 1121 212 1173 „At‚
236 1136 263 1163 o
290 1124 479 1164 Deorum
511 1126 708 1181 quicquid
736 1127 780 1166 in
808 1128 930 1168 coelo
958 1130 1071 1184 regit

151 1176 304 1215 Terras
333 1185 376 1217 et
396 1176 619 1219 humanum
647 1179 800 1233 genus!

99 1227 214 1289 Quid
237 1229 315 1270 iste
341 1229 429 1270 fert
452 1231 684 1272 tumultus?
709 1242 754 1273 et
780 1232 881 1314 Quid
909 1234 1094 1285 omnium

150 1281 301 1323 Vultus
327 1283 369 1323 in
395 1298 522 1325 unum
547 1300 616 1325 me
643 1294 809 1326 truces.

98 1333 184 1373 Per
209 1335 365 1375 liberos
390 1345 458 1389 te,
483 1338 519 1378 si
545 1348 694 1379 vocata
717 1338 922 1393 partubus
1384 1346 1413 1387 5

151 1387 308 1428 Lucina
334 1391 443 1429 veris
470 1390 624 1442 adfuit,

100 1437 186 1478 Per
208 1438 292 1480 hoc
321 1442 439 1483 inane
465 1458 677 1498 purpurae
704 1445 833 1486 decus
860 1458 1039 1501 precor,

154 1492 239 1532 Per
263 1494 591 1548 improbaturum
616 1499 719 1539 haec
746 1500 911 1550 Iovem,

103 1543 218 1602 Quid
247 1555 294 1586 ut
314 1561 498 1592 noverca
524 1565 592 1593 me
614 1552 815 1604 intueris,
843 1562 913 1593 aut
939 1554 1000 1593 uti

154 1598 290 1638 Petita
316 1600 434 1640 ferro
472 1603 660 1643 belua?“

102 1648 157 1689 Ut
182 1650 286 1691 haec
312 1660 517 1695 tremente
548 1666 718 1711 questus
746 1672 823 1699 ore
849 1661 1046 1701 constitit

153 1703 381 1758 Insignibus
410 1709 536 1761 raptis
563 1724 692 1763 puer,
976 1718 982 1728 ²

101 1755 274 1809 Impube
303 1771 479 1812 corpus,
507 1764 628 1816 quale
654 1773 798 1816 posset
823 1765 947 1819 impia

153 1810 318 1851 Mollire
346 1812 553 1853 Thracum
579 1824 753 1869 pectora
760 1831 774 1869 ς
966 1852 974 1855 a

1306 1645 1310 1648 -
1369 1632 1414 1657 10

101 1985 147 1994 —
171 1980 204 2002 v.
231 1971 283 2003 16.
308 1979 470 2004 conterno
495 1971 560 2004 Ed.
584 1975 752 2019 princeps
776 1977 903 2012 Venet.
926 1991 982 2015 an.
1005 1980 1102 2026 1478.
1127 1981 1213 2018 vid.
1236 1984 1352 2019 Remi.
1369 2004 1414 2013 --

107 2024 138 2045 v.
166 2024 218 2057 ¹7.
246 2027 330 2048 aera
354 2027 420 2060 pro
445 2028 511 2049 ora
534 2020 631 2051 coni.
655 2019 769 2053 Bentl.

148 2056 202 2100 V,
228 2071 259 2092 ν.
279 2071 307 2093 ι.
332 2062 424 2105 regit
446 2062 561 2096 Codd.
581 2063 718 2097 habent
739 2067 948 2113 plerumque
972 2077 1032 2104 aut
1055 2075 1158 2117 περὶ.
1182 2075 1274 2108 Cod.
1299 2075 1413 2109 Brod-

104 2104 264 2148 qualeque}
292 2108 398 2149 regis.
427 2108 580 2143 Veteres
614 2110 754 2153 aliquot
776 2111 870 2147 Edd.
901 2117 1062 2163 quisquis
1082 2120 1185 2162 regit.
1210 2119 1266 2154 Cf.
1291 2120 1413 2154 Benu.

104 2164 150 2172 —
171 2159 203 2180 v.
229 2151 261 2182 3.
283 2159 350 2183 aut
371 2151 461 2197 quid
480 2153 619 2197 aliquot
641 2153 763 2190 codd.
798 2164 838 2190 ut
858 2159 973 2194 Vand.
1008 2169 1046 2197 et
1079 2169 1164 2197 vett.
1189 2164 1281 2199 Edd.
1306 2165 1412 2209 idque

106 2194 376 2272 recepitchoth.
399 2216 444 2224 -
474 2209 504 2230 v.
530 2210 581 2233 ιι.
612 2208 781 2235 tremente
804 2201 925 2241 codd.
947 2205 1076 2240 ferunt.
1106 2211 1270 2243 ammenti
1289 2210 1412 2246 Bona.

109 2247 212 2279 quem
278 2262 289 2272 .

1063 2297 1153 2336 ιο*
