1526 2404
364 512 422 566 Q.
458 510 782 557 HORATII
816 512 1090 557 FLACCI

215 599 1184 698 'CARMINUM

538 774 667 807 Lmen
692 775 921 824 QUARTUS.

610 941 796 980 Cannu-:x
827 943 855 980 1.

498 1037 587 1076 AD
635 1038 973 1080 VENEREM.

81 1135 126 1169 Se
150 1140 268 1171 acme
290 1135 359 1168 iam
379 1135 599 1180 provectiori
625 1135 745 1171 denuo
772 1137 951 1170 artioribus
980 1138 1113 1173 irretiti
1143 1139 1391 1182 conqueritur.

447 1224 607 1258 Alea-um
633 1236 682 1271 ut·
694 1227 751 1261 lib.
777 1228 807 1260 L
835 1228 957 1260 Car-m.
982 1229 1015 1262 3.

81 1303 337 1353 Intermissa,
362 1302 533 1352 Venus,
561 1303 635 1343 diu

133 1358 294 1395 Rursus
320 1356 431 1395 bella
457 1370 602 1396 moves
616 1356 636 1396 ?
662 1356 821 1407 Parce,
847 1373 1025 1414 precor,
1053 1359 1232 1414 precor!

81 1411 176 1449 Non
201 1423 314 1458 sum,
340 1409 485 1463 qualis'
501 1423 615 1448 eram
640 1410 778 1450 bonae

95 1478 100 1483 ⁴
137 1460 225 1501 Sub
249 1475 380 1515 regno
409 1462 595 1502 Cinarae.
630 1463 813 1514 Desine,
840 1463 1028 1504 dulcium

83 1516 219 1554 Mater
246 1528 369 1553 saeva
396 1515 667 1567 Cupidinum,
1122 1553 1127 1558 .
1369 1521 1396 1562 5

77 1601 89 1612 ,
141 1567 262 1607 Circa
285 1567 415 1606 lustra
442 1569 589 1607 decem
616 1568 790 1609 flectere
816 1570 1011 1610 mollibus

86 1621 171 1660 Iam
200 1619 349 1658 durum
374 1620 570 1673 imperiis.
606 1621 712 1671 Abi,

141 1673 239 1734 Quo
266 1672 438 1711 blandae
463 1673 660 1713 iuvenum
690 1683 735 1714 te
766 1685 968 1716 revocant
992 1691 1155 1731 preces.

88 1726 393 1779 Tempestivius
418 1726 461 1764 in
491 1726 662 1765 domum
758 1740 762 1744 ’

140 1779 295 1827 Paulli,
321 1780 544 1832 purpureis
572 1779 656 1818 ales
683 1780 868 1820 oloribus
884 1812 895 1831 ,
1350 1796 1396 1823 ιο

91 1832 376 1872 comissabere
404 1831 592 1881 Maximi,

149 1884 194 1923 Si
223 1892 387 1924 tori-ere
414 1885 531 1924 iecur
558 1885 721 1938 quaeris
748 1886 957 1928 idoneum.

90 1939 278 1992 Namque
305 1946 346 1978 et
370 1938 544 1987 nobilis,
573 1945 615 1976 et
643 1939 819 1990 decens,

143 1992 200 2030 Et
226 2005 305 2044 pro
333 1991 519 2032 sollicitis
546 2003 630 2029 non
654 1993 803 2031 tacitus
828 1994 935 2045 reis,

162 2126 200 2166 I,
224 2137 260 2158 υ.
281 2136 313 2158 2.
334 2126 386 2159 De
411 2128 509 2170 signo
535 2127 817 2170 interrogationis
841 2129 874 2161 h.
890 2131 914 2162 1.
934 2130 1105 2173 ponendo
1131 2142 1211 2164 cum
1237 2130 1398 2162 Vander·

94 2170 218 2212 hui-gio
245 2177 282 2204 et
294 2171 417 2204 Bothio
430 2172 484 2204 Cf.
498 2171 594 2204 Iahn.
608 2190 654 2196 --
679 2185 708 2204 ν.
722 2183 755 2215 9.
770 2174 822 2206 Ita
838 2175 949 2207 Bentl.
973 2187 992 2208 e
1003 2175 1119 2207 Codd.
1143 2176 1270 2219 quibus
1294 2186 1397 2208 aece-

58 2228 68 2234 ·
96 2212 186 2248 dunt
209 2213 325 2249 codd.
348 2215 460 2250 Vand.
484 2223 522 2250 et
538 2218 644 2249 Feae.
668 2216 739 2250 Alii
761 2216 874 2250 domo.
899 2220 980 2252 Vid.
1004 2219 1126 2252 Bentl.
