1526 2404
507 193 743 223 σικιοπωι
763 191 850 219 ιω.
873 178 920 219 Π.
942 178 980 238 3.
1347 178 1402 232 ⁶9

18 340 22 344 ,
91 292 158 332 Ne
185 291 278 348 quin
302 289 497 333 humasse
521 287 626 330 velit
656 286 850 334 Aiacem,
874 282 1045 335 Atrida,
1071 290 1188 325 vetas
1214 282 1321 323 cur?
1346 304 1402 314 —

91 345 188 385 Rex
210 350 318 385 sum.
335 367 393 375 —-·
417 344 485 383 Nil
510 343 620 383 ultra
648 353 805 404 quaero
831 337 1041 378 Plebeius.
1061 337 1198 393 -rEt
1223 350 1399 392 aequam

88 399 201 438 Rem
225 397 445 452 imperit03
473 405 514 436 at
540 396 575 435 si
603 408 671 435 cui
697 392 848 434 videor
870 404 954 431 non
979 391 1134 439 iustus,
1158 390 1292 430 inulto

88 451 268 501 Dicere,
295 450 410 506 quod
436 449 583 498 sentit,
609 447 821 502 permitto.
838 444 1087 483 —Maxima
1122 456 1292 498 regum,
1324 456 1398 498 ¹9⁰

87 504 148 544 Di
170 502 246 543 u'bi
273 503 374 543 dent
399 510 519 556 capta
552 502 725 541 classem
749 498 957 539 reducere
985 495 1134 536 Troia!

87 557 206 611 Ergo
234 556 454 596 consulere
485 563 528 595 et
554 567 652 594 mox
677 551 935 607 respondere
962 548 1135 589 licebit?
1151 573 1206 583 —

89 609 284 649 Consule.
301 633 356 639 —
373 609 460 648 Cur
484 609 610 655 Aiax,
637 606 777 647 heros‘
793 605 843 645 ab
874 603 1040 644 Achille
1067 603 1297 656 secundus,

90 662 325 711 Putrescit,
351 661 477 701 toties
504 660 678 701 servatis
705 660 840 699 clarus
867 657 1060 706 Achivis,

89 715 282 754 Gaudeat
306 722 355 754 ut
379 714 560 777 populus
586 713 741 753 Priami
765 712 1038 765 Priamusque
1064 709 1277 750 inhumato
1291 741 1303 761 ,
1324 711 1398 766 195

68 769 175 808 ‘Per
197 781 324 823 quem
349 775 415 807 tot
441 781 614 808 iuvenes
642 766 778 820 patrio
807 777 983 804 caruere
1010 764 1239 816 sepulcro?
1256 787 1312 795 —-·

86 821 204 860 Mine
232 820 373 860 ovium
391 819 562 860 ‘insanus
587 820 715 859 morti
742 818 880 867 dedit,
901 817 1100 868 inclytum
1122 818 1268 858 Ulixen

86 873 146 912 Et
171 873 406 913 Menelaum
431 887 515 913 una
541 887 707 913 mecum
734 886 780 912 se
809 870 1005 911 occidere
1032 870 1222 910 clamans.
1240 893 1294 901 —-

89 928 157 965 Tu
184 940 312 980 quum
337 940 417 980 pro
444 927 574 966 vitula
602 925 744 965 statuis
771 925 937 964 dulcem
964 922 1117 962 Aulide
1146 932 1283 963 natam

86 978 210 1031 Ante·
226 992 339 1028 aras,
367 980 611 1034 spargisque
638 979 748 1018 mola
775 984 923 1031 caput,
948 976 1164 1028 improbe,
1191 977 1310 1026 salsa,
1320 985 1398 1016 2500

60 1068 63 1069 γ
86 1032 270 1075 Rectum
302 1032 425 1073 animi
446 1030 620 1073 servas?
647 1055 701 1063 --
732 1029 976 1094 Quorsum?
1002 1052 1057 1059 —-
1093 1031 1261 1069 Insanus
1297 1030 1399 1085 quid

221 1086 223 1088 ’
874 1081 1112 1129 enimrAiax

87 1137 239 1178 Fecit?
258 1138 412 1231 ίἓτιῑιιιι
439 1137 730 1179 stravit-ferro
756 1150 908 1191 pecus:
936 1135 1132 1174 abstinuit
1157 1136 1244 1176 vim

87 1191 232 1231 Uxore
328 1195 477 1245 gnat03
503 1192 611 1231 mala
635 1192 764 1231 multa
788 1197 984 1244 precatus
1010 1188 1166 1228 Atridis

86 1245 182 1283 Non
207 1244 281 1284 ille
309 1253 381 1284 aut
406 1247 619 1284 Teucrum
648 1253 718 1284 aut
749 1245 763 1283 i
794 1258 885 1283 sum
911 1242 1083 1283 violavit
1110 1243 1272 1282 Ulixen.
1344 1266 1397 1273 -—

85 1296 249 1338 Verum
275 1311 381 1352 ego,
407 1306 455 1338 ut
481 1298 702 1338 haerentes
731 1312 753 1336 a
788 1310 908 1336 verso
939 1295 1065 1334 litore
1086 1309 1213 1335 naves
1318 1296 1397 1337 205

86 1350 333 1404 Eriperem,
357 1351 542 1404 prudens
569 1351 732 1404 placavi
759 1349 957 1403 sanguine
978 1348 1124 1387 Divos.
1150 1372 1205 1378 —

45 1449 52 1452 ,
85 1403 248 1456 Nempe
278 1412 377 1454 tuo,
403 1404 578 1443 furiose.
607 1428 662 1434 —
686 1407 806 1454 Meo,
835 1402 911 1442 sed
935 1415 1020 1441 non
1045 1401 1247 1444 furiosus.
1272 1424 1326 1433 --

86 1454 176 1547 gui
204 1457 366 1517 species
396 1457 493 1497 alias
521 1458 636 1507 veri,
670 1457 925 1510 scelerisque
950 1455 1133 1494 tumultu

126 1517 318 1548 ermlxtas
346 1510 502 1562 capiet,
530 1520 761 1550 commotus
789 1509 1033 1556 habebittu‘,
1060 1516 1187 1563 atque

89 1561 325 1601 Stultitiane
353 1571 488 1612 erret,
516 1563 688 1604 nihihuu
715 1563 905 1609 distabit,
933 1576 983 1600 an
1009 1561 1083 1600 ira.
1316 1572 1398 1601 210

89 1613 193 1653 Aiax
221 1628 350 1668 quum
375 1615 604 1655 immeritos
632 1617 805 1665 occidit,
835 1615 1006 1666 desipit,
1033 1628 1184 1668 agnos3

88 1666 232 1760 guum
257 1666 442 1719 prudens
470 1668 604 1707 scelus
640 1670 694 1709 ob
720 1670 863 1709 titulos
892 1668 1070 1706 admittis
1097 1668 1264 1717 inanes,

119 1727 183 1760 tas
220 1718 387 1759 animo?
426 1728 470 1760 et
493 1735 649 1776 purum
675 1731 740 1762 est
766 1722 867 1762 vitio
900 1719 1000 1770 tibi,
1036 1735 1166 1799 qu'um
1190 1719 1404 1760 tumidum-

872 1781 958 1824 est,
986 1786 1062 1814 cor
1080 1803 1091 1812 .

86 1890 125 1912 v.
143 1879 220 1912 188.
249 1890 379 1924 quaere
397 1879 507 1912 Bentl.
525 1890 566 1912 ex
584 1890 656 1911 uno
677 1877 766 1912 eod.
784 1878 837 1911 Cf.
857 1879 980 1913 Heind.
1006 1900 1052 1906 —-
1073 1891 1111 1912 v.
1127 1889 1201 1921 19¹·
1227 1876 1396 1910 deducere

88 1923 201 1956 Codd.
221 1926 355 1967 aliquot
374 1929 407 1957 et
426 1930 505 1956 vett.
522 1924 610 1956 Edd.
631 1924 726 1968 quod
740 1926 904 1968 praetulit
922 1926 1031 1958 Bentl.
1046 1926 1098 1957 Cf.
1111 1923 1233 1958 Heind.
1250 1929 1284 1956 et
1298 1923 1394 1956 [alm.

86 1985 134 1993 —
151 1980 189 2002 v.
211 1969 284 2012 194.
316 1970 464 2013 putescit
490 1970 589 2001 multi
616 1969 729 2002 Codd.
755 1975 788 2001 et
812 1976 890 2002 vett.
911 1970 999 2002 Edd.
1020 1970 1244 2014 probantque
1266 1969 1336 2000 Fea
1360 1975 1395 2001 et

87 2012 187 2045 Both.
206 2025 293 2058 quos
310 2014 363 2046 Cf.
390 2015 459 2048 Sed
471 2016 639 2059 putrescit
653 2020 770 2047 tuetur
783 2014 891 2046 Bentl.
906 2033 951 2040 —-
966 2027 1003 2050 v.
1019 2025 1095 2049 ποι.
1121 2015 1171 2046 Ita
1193 2015 1289 2046 locus
1310 2025 1392 2046 auc-

87 2061 166 2090 tore
181 2058 298 2092 schol.
315 2060 421 2103 Cruq.
440 2059 715 2093 constituendus.
741 2059 828 2100 Alii,
844 2065 883 2091 ut
899 2061 1007 2092 Bentl.
1026 2066 1058 2093 et
1070 2059 1197 2092 Heiud.
1215 2060 1394 2092 Acronem

87 2109 290 2146 sequentes:
316 2105 494 2145 Quorsum
512 2105 659 2137 insanus
675 2103 765 2150 quid
785 2106 871 2136 enim
890 2106 981 2136 Aiax
997 2105 1120 2137 Fecit?
1140 2103 1241 2136 Both.
1277 2105 1394 2146 Quor·-

88 2155 165 2178 sum
181 2148 356 2181 thuanus?
376 2149 457 2182 Vid.
476 2150 601 2183 Heind.
622 2150 723 2182 Both.
744 2150 922 2182 Annotatt.
942 2149 1039 2182 Iahn.
1063 2170 1107 2176 —
1140 2161 1178 2182 v.
1203 2150 1280 2182 208.
1307 2149 1394 2180 ver-1⁸5

88 2200 178 2267 :pul-Is
193 2192 282 2269 Cutil.
299 2193 406 2239 Cruq.
424 2205 446 2228 a
466 2196 581 2240 prim3
597 2206 722 2237 manu,
746 2197 835 2229 alter
852 2205 873 2227 a
891 2195 1044 2228 secunda
1067 2207 1158 2229 vero.
1179 2193 1260 2226 vid.
1279 2195 1391 2228 Bentl.

177 2246 233 2268 em
