1526 2404
521 142 776 206 trunonis..
803 170 891 199 un.
915 158 962 199 n.
991 159 1031 201 3.
1358 174 1428 211 ¹7·

122 266 335 323 Ingenium
361 265 514 306 misera
541 265 640 320 quia
665 264 919 306 fortunatius
944 273 1037 307 arte
1351 267 1432 321 295

123 321 291 371 Credit,
319 327 365 361 et
391 319 577 360 excludit
605 332 726 358 sanos
751 318 957 359 Helicone
983 321 1132 373 poetas

121 373 411 423 Democritus,
436 372 546 412 bona
571 386 669 426 pars
693 386 778 412 non
806 385 968 426 ungues
993 385 1156 426 ponere
1181 379 1324 424 curet,

119 429 214 468 Non
237 426 433 476 barbam,
459 434 624 465 secreta
649 425 757 478 petit
786 425 900 475 loca2,
924 424 1070 465 balnea
1096 426 1215 468 vitat.

122 480 395 520 Nanciscetur
421 479 530 518 enim
558 479 742 532 pretium
769 491 1006 533 nomenque
1035 481 1214 532 poetae,

121 533 167 572 Si
191 533 325 573 tribus
350 532 558 584 Anticyris
586 540 712 593 caput
738 531 961 574 insanabile
990 546 1199 586 nunqnam
1347 533 1437 578 ‚300

120 585 301 628 Tonsori
326 585 471 625 Licino
500 585 765 626 commiserit.
793 584 835 625 Ο
869 585 1145 638 ego-laeuis,

121 638 207 691 Qui
234 651 399 693 purgor
426 637 557 678 bilem
586 637 663 677 sub
689 637 811 678 verni
837 637 1040 691 temporis
1066 637 1235 680 horam!

119 694 214 732 Non
240 692 343 732 alins
371 690 537 731 faceret
562 691 739 731 meliora
763 693 971 744 poemata.
999 691 1163 732 Verum

119 745 189 785 Nil
215 745 319 785 tanti
347 752 423 785 est.
450 745 569 798 Ergo
585 744 748 799 ,fungar
774 743 870 785 vice
897 745 1027 793 cotis,
1058 752 1226 785 acutum

119 798 320 838 Reddere
347 811 455 854 quae
484 797 648 837 ferrum
676 798 810 847 valet,
838 810 983 837 exsors
1010 797 1100 850 ipsa
1127 799 1317 841 secandi:
1356 800 1436 840 303

121 852 271 891 Munus
298 859 343 892 et
372 849 560 890 officium
587 851 645 890 nil
673 851 859 890 scribens
891 850 982 903 ipse
1009 851 1200 902 doceh03

120 904 240 944 Unde
297 912 471 944 arentur
498 916 628 956 opes,
654 903 758 959 quid
789 903 871 942 alat
897 904 1139 958 formetque
1168 908 1364 958 Ροόῐειπι,

168 957 242 997 uid
299 965 439 1007 eceat‚
466 957 569 1012 quid
595 971 702 1007 non,
722 970 808 1012 quo
826 956 959 996 virtus
971 986 983 1006 ‚
1002 971 1088 1011 quo
1110 957 1222 998 ferat
1238 972 1374 999 error.

154 1009 342 1050 cribendi
370 1018 513 1059 recte,
539 1022 689 1064 sapere
718 1018 783 1050 est
810 1017 855 1049 et
881 1009 1134 1062 principium
1163 1019 1205 1050 et
1232 1012 1343 1051 sons.

120 1065 230 1102 Rem
255 1063 333 1102 tibi
359 1063 599 1103 Socraticae
630 1070 834 1116 poterunt
862 1062 1086 1102 ostendere
1115 1063 1305 1116 chartae3
1351 1066 1434 1106 310

125 1115 349 1161 Verbaque
375 1116 587 1169 provisam
611 1129 703 1156 rem
736 1131 820 1158 non
847 1115 974 1155 invita
1002 1125 1236 1170 sequentur

122 1168 210 1228 Qui
238 1164 405 1220 didicit,
433 1169 593 1223 patriae
621 1169 724 1224 qnid
750 1169 928 1219 debeat,
956 1176 1000 1208 et
1029 1169 1130 1224 quid
1158 1171 1319 1223 ainicis3

162 1235 219 1262 uo
253 1222 307 1262 sit
333 1235 476 1263 amore
500 1236 673 1284 parens,
693 1236 779 1279 quo
806 1222 943 1262 frater
968 1222 1166 1263 amandus
1195 1233 1239 1264 et
1257 1225 1438 1280 hospes,

162 1274 250 1315 uod
279 1275 334 1315 sit
361 1276 610 1329 conscripti,
637 1275 754 1338 quod
782 1275 931 1315 iudicis
960 1273 1170 1326 officium,
1201 1293 1310 1333 quae

119 1328 267 1368 Partes
293 1329 336 1368 in
362 1328 519 1368 bellum
545 1329 659 1369 missi
686 1328 826 1369 ducis:
852 1329 925 1368 ille
953 1328 1152 1381 profecto
1353 1332 1439 1376 315

119 1380 320 1421 Reddere
348 1394 552 1435 personae
582 1382 662 1422 scit
689 1381 976 1422 convenientia
1004 1382 1072 1421 cui
1133 1395 1171 1421 e.

123 1434 353 1486 Respicere
381 1436 596 1489 exemplar
621 1435 734 1475 vitae
761 1447 1011 1489 morumque
1041 1396 1198 1478 iiiiiitbo

121 1487 308 1526 Doctum
334 1487 605 1541 imitatorem,
637 1496 682 1528 et
709 1489 825 1530 vivas
852 1488 949 1528 hinc
982 1487 1142 1528 ducere
1175 1497 1316 1531 voces.

122 1539 337 1579 Interdum
356 1540 544 1594 speciosa
569 1541 673 1582 locis
701 1549 945 1596 morataque
970 1548 1090 1583 recte

123 1592 305 1643 Fabula,
330 1593 480 1631 nullius
509 1595 696 1644 veneris,
723 1595 812 1634 sine
839 1595 1030 1647 pondere
1056 1603 1101 1635 et
1125 1604 1242 1646 arte,
1357 1595 1438 1637 320

123 1645 296 1686 Valdius
325 1646 510 1685 oblectat
534 1647 739 1700 populum
768 1648 1004 1702 meliusque
1034 1657 1245 1699 moratur,

146 1699 263 1737 luam
293 1711 436 1738 versus
463 1699 610 1752 inopes
638 1712 782 1739 rerum
808 1713 1032 1755 nugaeque
1065 1714 1260 1742 canorae.

125 1753 258 1793 maiis
285 1751 517 1804 ingenium,
553 1752 687 1791 Graiis
715 1752 831 1792 dedit
859 1767 935 1793 ore
960 1754 1143 1793 rotundo

124 1809 240 1846 Musa
270 1805 409 1858 loqui,
438 1813 610 1857 praeter
637 1805 804 1844 laudem
829 1806 982 1845 nullius
1010 1807 1156 1846 avaris.

124 1858 300 1899 Romani
329 1858 452 1918 pueri
479 1858 613 1911 longis
639 1858 865 1898 rationibus
893 1872 1026 1899 assem
1359 1857 1442 1900 325

125 1913 301 1952 Discunt
329 1925 371 1949 m
397 1919 538 1964 partes
571 1920 738 1951 centum
766 1911 980 1952 diducere.
1007 1935 1061 1943 —-
1086 1913 1238 1963 Dicas,

124 2033 169 2041 --
190 2025 227 2046 v.
245 2014 322 2055 50²·
338 2022 461 2057 purgo
479 2011 618 2054 aliquot
642 2009 744 2042 Codd
768 2010 928 2042 Lambin.
952 2016 988 2044 et
1001 2012 1111 2053 Feae,
1136 2023 1203 2045 nec
1226 2023 1296 2044 non
1320 2012 1440 2057 plures

124 2057 215 2093 Edd.
228 2063 312 2091 vett.
327 2077 370 2083 —
381 2068 419 2089 v.
436 2065 512 2098 312.
525 2053 627 2101 quod
637 2053 777 2094 debeat,
803 2062 838 2086 et
860 2055 962 2101 quod
982 2057 1074 2089 Coll.
1095 2057 1174 2090 Sax.
1200 2063 1234 2090 et
1247 2057 1336 2088 Cnd.
1349 2067 1440 2088 unus

124 2104 152 2136 F
154 2115 229 2137 eae.
246 2122 287 2128 —
297 2115 334 2135 v.
358 2102 436 2144 318.
462 2102 560 2134 vivas
575 2101 724 2133 maxima
743 2110 824 2144 pars
838 2101 953 2133 Codd.
966 2107 1000 2133 et
1011 2102 1206 2146 priscarum
1218 2102 1307 2134 Edd.
1320 2101 1439 2142 habet,

125 2148 220 2181 unde
242 2149 394 2181 restituit
417 2147 613 2186 Bentleius‚
647 2156 752 2189 quem
783 2146 942 2190 sequitur
964 2146 1045 2179 Fen.
1071 2148 1168 2178 Olim
1205 2148 1296 2187 vulg.
1321 2156 1437 2177 veras.

126 2210 170 2218 —
189 2204 230 2225 v.
254 2202 331 2236 319.
354 2192 510 2236 speciosa
535 2192 623 2223 iocis
647 2190 738 2222 Cod.
763 2190 892 2224 Achin.
918 2191 1005 2223 Stat.
1030 2197 1065 2224 et
1089 2191 1160 2224 duo
1180 2193 1313 2225 Bersm.
1333 2193 1436 2223 item-

128 2249 196 2282 que
220 2237 311 2271 Edd.
335 2239 423 2272 Ven.
449 2235 618 2270 Glarean.
641 2236 743 2270 aliae.
768 2236 823 2269 Cf.
847 2237 927 2269 Fen.
