1526 2404
478 143 706 171 camanum
734 143 819 168 Lm.
850 130 891 180 1,
926 131 984 170 18.
1347 142 1400 183 ιιι)

126 232 269 276 Valles
297 241 342 273 et
367 233 531 273 Usticae
575 233 763 272 cubantis

181 286 336 326 Laevia
360 298 622 338 personuere
653 299 760 324 saxa.

72 349 131 388 Di
149 362 219 388 me
244 356 438 388 tuentur:
468 349 545 387 Dis
573 349 705 401 pietas
730 362 824 388 mea

73 401 131 440 Et
157 403 275 440 Musa
300 401 420 440 cordi
445 409 520 440 est.
558 402 639 440 llic
668 402 746 442 tihi
771 402 893 455 copia

122 453 303 492 Manabit
330 453 383 492 ad
408 453 581 506 plenum
601 453 784 507 benigno
1354 455 1401 493 15

178 505 305 545 Ruris
331 505 542 545 honorum
569 507 770 559 opulenta
806 520 953 546 cornu.

72 574 154 614 Hic
181 574 225 613 in
249 574 429 614 reducta
466 575 577 613 valle
615 574 842 614 Caniculae

73 625 237 670 vitabis
265 635 427 677 aestus,
450 625 604 668 enfide
631 628 738 666 Te'ia

123 680 251 718 Dices
279 678 518 719 laborantes
542 680 585 718 in
620 692 705 718 uno
1289 717 1293 724 ,

120 732 369 784 Penelopen
397 731 659 786 vitreamque
702 731 869 773 Circen.
1351 743 1403 789 2⁰.

71 799 153 838 Hic
180 797 410 837 innocentis
437 798 590 850 pocula
618 796 761 835 Lesbii
957 831 964 833 l

73 853 216 890 Duces
244 849 322 889 sub
350 849 522 899 umbra,
550 863 629 889 nec
658 848 895 887 Semeleius

129 904 235 942 Cum
260 903 397 940 Marte
427 902 660 941 constuidet
694 901 920 952 Thyoneus

178 954 374 1003 Proelia,
402 967 481 993 nec
510 963 671 996 metues
702 961 952 1006 protervum

74 1023 279 1075 Suspecta
307 1021 484 1072 Cyrum,
514 1035 569 1060 ne
596 1021 704 1059 male
731 1019 886 1072 dispari

73 1074 381 1114 Incontinentes
408 1073 562 1112 inficiat
596 1086 764 1121 manus,

123 1128 182 1166 Et
207 1123 366 1166 scindat
391 1125 637 1165 haerentem
667 1137 868 1164 coronam

165 1176 394 1230 fiinibus,
422 1178 758 1232 immeritamque
787 1183 962 1216 vestem.

1350 1020 1402 1057 ²3-

522 1373 525 1376 ,
546 1317 734 1357 Cinam
762 1317 910 1370 XVIJJ.

522 1406 560 1444 A
579 1405 620 1444 D
666 1405 705 1446 V
723 1405 761 1442 A
779 1406 817 1442 R
838 1405 875 1443 U
893 1405 951 1442 M.

385 1493 610 1527 Moderatum
632 1495 702 1526 vini
725 1505 827 1526 usum
854 1491 1094 1526 commendat.

537 1583 691 1616 Aletrum
715 1583 830 1615 Cat-m.
860 1593 912 1614 u.

74 1661 261 1711 Nullam,
289 1661 426 1709 vare,
454 1674 571 1700 sacra
601 1662 688 1702 vite
718 1663 837 1715 prius
858 1661 1018 1700 severis
1046 1660 1244 1700 arborem

78 1714 201 1755 Circa
226 1714 327 1753 mite
356 1713 494 1752 solum
522 1713 688 1753 Tiburis
718 1723 762 1753 et
791 1713 956 1753 moenia
985 1713 1120 1752 Catili.

77 1765 206 1805 Siccis
238 1765 374 1804 omnia
402 1779 496 1803 nam
525 1766 630 1805 dura
654 1768 773 1806 Deus
840 1766 1054 1818 reposuit,
1083 1777 1224 1818 neque

76 1818 299 1857 Mordaces
328 1818 449 1856 aliter
477 1817 705 1871 diffugiunt
744 1819 807 1858 sol
826 1817 1059 1857 icitudines.
1410 1864 1413 1865 ⁷

118 1870 182 1909 uis
194 1878 292 1923 post
314 1870 407 1908 vina
421 1883 594 1922 gravem
607 1871 793 1910 militiam
808 1879 878 1909 aut
894 1870 1141 1922 pauperiem
1158 1876 1303 1920 crepat
1314 1866 1334 1905 ἱ)
1375 1868 1401 1906 5

43 1962 46 1964 ,
118 1922 182 1962 uis
200 1935 284 1961 non
299 1929 344 1960 te
362 1922 504 1976 potius
516 1951 527 1973 ‚
548 1923 716 1963 Bacche
733 1931 872 1976 pater,
890 1930 1021 1976 teque
1033 1951 1045 1970 ‚
1066 1920 1221 1960 decens
1234 1919 1400 1962 Venus?

143 2069 180 2089 v.
199 2055 251 2098 14.
275 2055 330 2087 hic
354 2054 418 2086 Ed.
443 2053 625 2086 Loscheri.
646 2055 771 2087 Lectio
787 2054 958 2096 vulgaris:
984 2052 1076 2084 ltine.
1098 2053 1179 2086 vid.
1202 2054 1315 2086 Bentl.
1341 2054 1398 2096 qui

75 2102 213 2145 recepit
237 2099 313 2141 hic,
338 2105 374 2131 et
395 2098 496 2130 Both.
522 2100 555 2130 in
582 2099 714 2141 vulgari
739 2100 895 2131 lectione
920 2099 1161 2141 acquiescens.

140 2155 273 2196 XVIII,
300 2167 328 2187 ν.
353 2158 384 2190 5.
420 2157 578 2199 incr-epac
600 2154 736 2188 Novem
762 2151 879 2187 Codd.
906 2153 1087 2186 Vanderb.
1113 2153 1253 2194 aliique.
