1526 2404
170 189 218 216 10
490 167 493 169 >
621 188 662 229 Q·
690 187 872 214 nonA'rn
899 185 1057 214 FLAccl

164 282 398 323 Tabescat!
427 295 567 337 neque
591 295 638 322 se
664 280 812 322 maiori
838 293 923 335 pau
953 280 1140 322 eriorum

169 336 340 376 Turbae
370 343 611 398 comparet3
638 334 751 375 hunc
771 343 896 390 atque
944 348 1026 375 une
1054 347 1257 389 superare
1277 334 1462 376 laboret!

168 390 239 429 Sic
267 389 483 430 festinann
511 403 681 442 semper
708 387 966 443 locupletior
994 387 1155 429 obstate
1447 410 1453 415 ·

167 444 246 493 Ut,
275 458 404 499 quum
425 441 665 482 carceribus
687 442 836 482 missos
856 441 967 495 rapit
986 441 1143 496 ungula
1160 455 1333 494 currus,

167 498 297 536 Instat
324 497 442 551 equis
472 496 617 550 auriga
643 510 742 536 suos
772 495 1056 546 vincentibus,
1081 495 1200 535 illum
1416 497 1490 538 115

167 551 455 591 Praeteritum
481 558 672 590 temnens
701 557 912 590 extremos
940 548 1051 589 inter
1078 557 1260 590 euntem.
1420 558 1422 561 ’

167 604 270 644 Inde
297 602 364 655 fit,
394 612 441 643 ut
469 617 590 654 raro,
619 602 691 658 qui
719 617 765 643 se
793 602 944 643 vixisse
970 601 1143 643 beatum

167 658 321 708 Dicat,
352 665 395 697 et
424 665 571 697 exacto
601 665 822 696 contentus
849 664 1069 718 tempore,
1098 655 1186 697 vita

171 711 330 762 Cedat,
358 710 421 751 uti
449 710 627 750 conviva
654 718 793 760 satur,
817 722 1010 772 reperxre
1037 722 1250 764 queamus.

167 766 251 804 lam
277 765 374 804 satis
403 772 478 804 est.
516 765 581 803 Ne
609 777 677 804 me
707 764 887 818 Crispim
916 762 1066 803 scrinia
1091 762 1196 817 lippi
1415 777 1490 805 ⁸20

170 819 430 873 Compilasse
458 825 583 872 putes
598 846 610 869 ‚
634 817 813 858 verbum
839 831 924 858 non
950 815 1127 871 amplius
1154 815 1317 857 addam„
1358 840 1362 843 -

709 943 877 983 SArmA
904 944 953 984 11.

235 1046 451 1090 Opinionem
477 1045 655 1088 vulgarem
669 1067 679 1086 ‚
709 1055 779 1088 qua
800 1049 879 1077 tota
903 1043 991 1079 haec
1012 1045 1120 1078 satira
1140 1045 1176 1078 in
1199 1043 1374 1094 moechos
1398 1055 1489 1079 eon-

167 1093 300 1135 scripta
326 1096 483 1135 putatur,
506 1093 580 1122 tum
607 1091 750 1124 demum
778 1090 1044 1133 admiserimus,
1076 1092 1106 1124 si
1139 1092 1284 1124 omnino
1308 1092 1344 1123 in
1367 1091 1490 1135 quovis

165 1141 334 1183 poemate
359 1137 467 1167 totius
495 1137 614 1178 operis
639 1136 828 1168 consilium
860 1140 896 1167 et
923 1137 1015 1168 ratio
1052 1147 1096 1168 ex
1121 1136 1326 1180 longissima
1349 1146 1489 1179 quaque

194 1188 269 1215 arte
295 1191 469 1225 apparere
494 1180 721 1212 statuendum
747 1181 830 1220 erit;
857 1181 956 1222 quod
981 1191 1082 1213 secus
1105 1191 1182 1213 esse
1206 1180 1359 1213 videtur.
1379 1180 1489 1224 Atqui

164 1195 254 1261 {iaec
279 1226 423 1270 quidem
447 1226 554 1257 satira
576 1225 712 1257 duabus
731 1225 892 1267 partibus
917 1231 1070 1257 constat.
1094 1225 1226 1270 Incipit
1245 1230 1356 1269 poeta
1381 1236 1402 1258 a
1424 1226 1487 1258 de-

165 1272 355 1307 scribenda
378 1275 414 1303 et
438 1270 602 1314 pluribus
622 1270 793 1313 exemplis
818 1270 1030 1313 explicanda
1051 1271 1229 1304 communi
1246 1270 1398 1314 quadam
1422 1269 1488 1303 ho-

163 1320 298 1353 minum
323 1317 580 1361 perversitate,
607 1326 696 1359 quae
729 1314 768 1348 V.
794 1313 849 1357 24.
876 1314 927 1347 his
963 1314 1088 1347 verbis*
1114 1315 1354 1358 significatur:
1390 1315 1488 1349 Dum

166 1366 279 1399 vitant
302 1362 405 1394 stulti
427 1362 508 1394 vitia
519 1384 531 1400 ,
555 1361 593 1392 in
616 1369 797 1393 contrat-za
823 1368 986 1393 currunt.
1022 1360 1081 1392 Ob
1107 1361 1234 1394 oculos
1258 1361 1364 1404 igitur
1385 1361 1488 1405 ponit

164 1411 210 1444 ab
236 1409 349 1448 altera
372 1412 475 1451 parte
501 1417 584 1447 eos,
626 1407 685 1449 qui
718 1416 762 1437 ne
787 1406 821 1437 in
846 1405 1106 1449 prodigalitatis
1129 1407 1250 1439 vitium
1282 1407 1486 1447 incurrant,

165 1455 259 1489 avari
281 1453 432 1486 evadant
451 1457 487 1484 ct
507 1452 607 1483 nimis
625 1451 798 1493 adstricti,
821 1456 857 1483 et
881 1452 932 1484 sic
952 1461 1076 1495 porro.
1097 1451 1235 1484 Eodem
1252 1451 1362 1484 modo
1381 1452 1487 1484 etiam

165 1503 200 1534 in
227 1509 348 1532 amore
374 1497 521 1541 peccari
546 1497 747 1539 subiungit,
780 1496 863 1528 dum
898 1497 1002 1532 alteri
1026 1497 1127 1529 nimis
1150 1496 1323 1530 fastidiosi
1346 1497 1487 1529 nonnisi

163 1552 363 1582 matronas,
389 1542 492 1574 alteri
519 1547 646 1574 contra
669 1542 808 1574 nonnisi
834 1542 999 1581 vilissima
1023 1553 1183 1586 quaeque
1211 1546 1332 1575 scorta
1354 1552 1485 1575 venen-

164 1599 233 1625 tur.
258 1609 303 1614 —
330 1588 377 1624 V.
403 1589 456 1621 36.
481 1587 555 1619 Iam
582 1587 664 1619 inde
689 1588 848 1630 sequitur
872 1588 985 1619 altera
1011 1588 1140 1620 satirae
1164 1597 1268 1631 pars,
1293 1597 1362 1630 qua
1385 1597 1484 1619 moe-

164 1637 311 1672 chorum
345 1634 475 1666 insania
502 1633 716 1675 exagitatur,
755 1634 814 1675 qui
841 1633 997 1676 quamvis
1022 1632 1166 1665 facilem
1184 1631 1360 1665 Venerem
1383 1641 1485 1676 sper-

164 1688 271 1722 nunt,
305 1686 410 1722 atque
440 1678 601 1722 pericula
638 1680 750 1710 omnis
775 1679 914 1720 generis
939 1683 974 1710 et
998 1678 1118 1710 taedia
1142 1678 1175 1710 in
1198 1678 1370 1710 matronis
1398 1677 1484 1709 alie-

164 1730 287 1771 nisque
307 1724 476 1757 uxoribus
501 1723 677 1755 sectandis
698 1725 795 1756 caeci
822 1724 983 1756 subeunt.
1006 1723 1135 1755 Posset
1157 1723 1280 1766 utique
1302 1728 1379 1754 tota
1401 1731 1484 1766 pars

164 1775 265 1818 prior
290 1770 353 1815 (V.
385 1770 517 1811 1—36.)
541 1770 767 1812 prooemium
791 1770 899 1800 totius
923 1769 1095 1801 sermonis
1119 1767 1264 1809 haberi,
1287 1768 1354 1800 nisi
1380 1774 1410 1799 v.
1427 1765 1483 1809 48.

165 1819 284 1851 ‹le-nuo
320 1817 470 1847 alterum
498 1816 530 1845 in
559 1825 679 1846 amore
707 1821 742 1846 et
776 1813 993 1846 contrarium
1025 1814 1146 1845 vitium
1180 1823 1324 1853 eorum,
1357 1813 1416 1856 qui
1449 1813 1483 1844 in

164 1863 339 1897 libet-linis
381 1862 466 1892 solis
512 1861 685 1891 insaniunt
700 1884 709 1901 ,
753 1860 912 1891 uberiori
950 1861 1163 1892 tractatione
1208 1858 1482 1891 describeretur.

164 1911 208 1941 V.
234 1908 378 1951 48—63.
417 1905 503 1936 Inde
538 1905 690 1937 efficitur
725 1916 914 1939 commune
939 1906 1048 1936 totius
1072 1905 1199 1936 satirae
1225 1903 1412 1936 consilium
1447 1909 1484 1935 et

165 1956 341 1987 rationem
367 1952 510 1983 omnino
545 1951 781 1994 multiplicem
808 1951 906 1983 iilam
931 1955 967 1981 et
991 1950 1120 1981 variam
1154 1947 1336 1980 hominum
1368 1948 1482 1980 stulti-

164 2002 250 2032 tiam
279 2003 463 2042 spectare‚
499 1997 556 2039 qui
593 1997 766 2039 sapientia
791 2001 953 2029 carentes
986 1994 1070 2026 dum
1095 1995 1204 2026 vitant
1228 1993 1312 2025 vitia
1336 1993 1370 2024 in
1395 2003 1483 2026 con-

164 2046 273 2078 traria
297 2046 492 2076 incurrunt.
532 2042 570 2072 ln
608 2042 707 2074 cuius
740 2042 882 2086 quidem
915 2039 1110 2082 argumenti
1137 2038 1350 2071 tractatione
1374 2048 1483 2070 unum

165 2090 314 2135 aliquod
344 2098 453 2132 genus
491 2086 609 2129 seligit
638 2091 747 2131 poeta
772 2088 913 2132 plenius
946 2083 1216 2129 explicandum,
1248 2083 1347 2128 quod
1379 2093 1482 2129 aper-

163 2238 209 2246 -
235 2229 264 2250 ν.
285 2214 358 2249 ¹18.
385 2215 454 2247 vita
478 2215 579 2248 multi
596 2211 715 2247 Codd.
745 2213 853 2247 etiam
867 2211 975 2245 Feae.
999 2211 1069 2244 Alii
1097 2213 1195 2244 vitae.
1218 2209 1273 2244 Cf.
1289 2206 1414 2245 Heind.
1436 2225 1482 2236 ·-·

167 2277 195 2298 ν.
226 2270 297 2297 120.
323 2261 452 2306 lippum
479 2270 544 2304 pro
570 2260 656 2303 lippi
678 2260 771 2292 coni.
795 2258 908 2291 Bentl.
934 2255 1006 2292 Sed
1027 2257 1075 2294 V.
1093 2256 1216 2291 Heind.
