1526 2404
479 163 708 191 cummun
735 163 822 189 mn.
849 151 929 201 IV,
957 153 996 194 3.
1330 165 1398 191 121

87 259 243 301 Civitas
270 259 426 309 omnis,
453 258 730 312 dabimusque
755 257 876 297 Divis

348 313 492 353 Thura
518 311 720 366 benignis.

85 379 149 418 Te
177 377 327 418 decem
354 377 465 417 tauri
491 375 755 431 totidemque
780 387 958 425 vaccae,

84 432 155 470 Me
182 439 305 472 tener
331 430 470 471 solvet
494 429 670 479 vitulus,
696 429 844 468 relicta
1447 460 1453 464 .

85 485 243 535 Mane,
269 484 343 540 qui
368 483 495 536 largis
522 482 752 522 iuvenescit
778 479 922 521 herbis
1350 481 1406 521 55

345 536 392 575 ln
418 550 512 576 mea
541 543 661 586 vota,

85 601 246 640 Fronte
273 607 468 640 curvatos
494 597 676 638 imitatus
701 597 821 652 ignes

87 654 279 693 Tertium
305 654 449 692 Lunae
476 651 700 691 referentis
728 660 867 692 ortum
881 681 894 704 ‚

89 706 185 768 Qua
210 714 353 746 notam
382 705 521 754 duxit,
546 705 693 744 niveus
720 705 879 757 videri,

352 758 507 798 Cetera
530 757 687 798 fulvus.
1355 757 1408 799 60

590 859 807 923 *CAmmn
835 885 903 924 ΠΙ.

438 967 527 1007 ΑΒ
562 968 1048 1009 MELPOMENEN.

133 1054 287 1088 Dotibus
307 1059 344 1087 et
361 1055 498 1089 honore
521 1067 543 1088 a
562 1057 664 1089 Musa
681 1057 748 1089 sibi
770 1058 949 1091 concessis
965 1056 1096 1088 fruitur
1115 1061 1154 1090 et
1175 1057 1361 1101 gloriatur.

618 1137 774 1170 Men-um
796 1138 824 1170 I.
849 1139 884 1172 3.

136 1224 235 1251 uem
261 1218 331 1260 tu,
357 1212 442 1252 Mel
474 1225 647 1262 omene,
674 1212 805 1252 semel

141 1266 391 1303 Nascentem
417 1280 445 1318 p
466 1265 584 1305 acido
611 1265 767 1305 lumine
794 1265 976 1317 videris,

89 1317 211 1357 Illum
236 1331 320 1356 non
345 1317 466 1357 labor
491 1318 683 1358 Isthmius

144 1370 330 1410 Clarabit
354 1385 412 1424 pu
446 1371 455 1379 ‘
476 1384 564 1422 em3
592 1386 677 1411 non
701 1385 833 1426 equus
859 1372 1040 1426 impiger

96 1422 234 1462 Curru
261 1423 388 1463 ducet
449 1423 593 1463 chaico
1386 1423 1414 1463 5

143 1476 383 1525 Victorem,
410 1491 464 1516 ne
525 1491 549 1517 e
577 1490 647 1516 res
674 1477 828 1517 bellica
852 1477 987 1517 Deliis

94 1527 301 1568 ornatum
324 1528 437 1568 foliis
494 1544 640 1579 ucem,

145 1581 276 1640 Quod
304 1594 454 1634 regum
483 1583 660 1623 tumidas
688 1583 927 1623 contuderit
954 1584 1108 1635 minas,

94 1634 305 1675 Ostendet.
333 1635 560 1686 Capitoli03

147 1687 233 1726 Sed
261 1700 368 1741 quae
395 1688 526 1726 Tibur
555 1701 685 1742 aquae
714 1687 856 1727 fertile
883 1686 1123 1741 perfluunt,
1369 1701 1415 1727 10

34 1787 39 1790 ¹
94 1741 152 1780 Et
179 1740 335 1793 spissae
362 1753 583 1779 nemorum
611 1753 780 1790 comae,

150 1793 330 1847 Fingent
357 1793 508 1831 Aeolio
538 1793 718 1832 carmine
744 1793 939 1834 nobilem.

94 1845 256 1885 Romae
282 1845 481 1899 principis
506 1844 674 1884 urbium

149 1899 358 1953 Dignatur
383 1898 552 1938 suboles
580 1899 689 1938 inter
718 1899 914 1939 amabiles

102 2028 185 2062 dum
195 2041 294 2075 proc.
309 2028 456 2063 Bothius
466 2037 600 2074 recepto
617 2029 862 2073 Caesar-eselia-
879 2031 1006 2077 Teque.
1034 2031 1129 2064 Dum
1139 2039 1201 2063 etc.
1225 2030 1278 2062 De
1293 2035 1417 2063 nostra

102 2076 261 2108 lectione
284 2074 339 2107 Cf.
362 2074 527 2115 Doering.
552 2093 598 2098 —
623 2086 652 2106 ν.
674 2076 728 2108 58.
756 2076 878 2108 Plures
900 2075 1021 2110 Codd.
1044 2076 1159 2108 orbem
1185 2075 1267 2108 vid.
1290 2074 1415 2107 Bentl.
1475 2094 1478 2095 ν

148 2120 200 2150 111
210 2143 221 2160 ‚
243 2131 273 2151 ν.
291 2128 342 2152 10.
367 2120 423 2153 Ita
435 2119 539 2151 multi
556 2117 678 2152 Codd.
690 2125 727 2154 et
738 2121 825 2153 Edd.
838 2126 944 2162 vett-3
966 2121 1174 2165 praefluunt
1188 2119 1307 2153 Codd.
1321 2117 1417 2162 apud

106 2162 350 2242 {gagga-alio&
375 2163 567 2197 nonnullae
591 2164 681 2197 Edd.
701 2165 893 2209 profluunt
916 2167 975 2198 vel
994 2166 1180 2211 proluunt.
1193 2163 1277 2202 vid,
1299 2163 1415 2197 Bentl-
