1526 2404
161 200 233 249 *48
292 232 294 234 -
601 212 627 253 ρ
656 211 839 240 nonu-11
866 210 1037 240 mucci,

155 306 323 346 Canidia
350 306 549 349 brevibus
575 308 784 361 implicata
813 307 967 361 viperis
1427 323 1473 346 ω

207 361 351 400 Crines
382 370 426 402 et
450 363 675 401 incomtum
703 369 848 414 caput,

153 414 271 453 Iubet
299 416 499 467 sepulcris
529 414 747 469 caprificos
777 421 939 465 erutas,

203 467 324 507 Iubet
350 481 570 522 cupressus
599 467 823 517 funebres,

151 522 207 560 Et
233 529 357 560 uncta
384 522 517 576 turpis
549 536 628 563 ova
655 535 780 561 ranae
807 519 1030 575 sanguine,

201 575 476 630 Plumamque
503 584 731 615 nocturnae
759 574 921 628 strigis,
1099 618 1103 622 ‚
1422 586 1474 613 20

150 627 422 683 Herbasque‚
451 643 551 684 quas
579 629 715 668 Iolcos
746 636 871 682 atque
898 626 1032 666 Iberia

201 681 330 720 Mittit
357 694 614 722 venenorum
641 682 786 732 ferax,

148 735 204 773 Et
231 748 323 774 ossa
352 735 401 774 ab
431 750 506 776 ore
534 744 650 789 rapta
676 736 839 775 ieiunae
868 734 1003 785 canis,

200 789 395 827 Flammis
427 789 547 828 adm-i
579 789 798 830 Colchicis.

148 840 205 881 At
223 842 425 895 ‘expedita
453 843 634 897 Sagana,
662 857 741 896 per
766 849 897 881 totam
929 841 1100 881 domum
1194 889 1196 891 Ι
1421 842 1472 882 25

200 895 409 949 Spargens
436 897 664 936 Avernales
695 909 842 951 aquas,

148 949 308 988 Horret
336 949 516 1002 capillis,
544 958 591 989 ut
616 950 820 1007 marinuS,
849 948 1026 1003 asperis,

200 1002 405 1051 Echinus,
433 1011 503 1042 aut
531 1016 703 1043 currens
731 1015 845 1055 aper.
1030 1014 1033 1018 ’

147 1055 305 1094 Abacta
331 1056 442 1095 nulla
470 1057 573 1098 Veia
601 1055 873 1106 conscientia,

198 1109 426 1162 Ligonibus
458 1110 570 1149 duris
598 1109 771 1149 humum
853 1128 857 1129 ⁷
1414 1109 1469 1150 3ο

147 1160 449 1212 Exhauriebat,
477 1163 692 1216 ingemens
719 1161 958 1212 laboribus,

199 1214 297 1275 Quo
357 1223 469 1254 osset
494 1215 675 1254 infossus
702 1228 810 1268 puer

144 1267 293 1321 Longo
351 1268 390 1306 ie
417 1268 479 1307 bis
509 1277 575 1308 ter
605 1281 659 1307 ue
686 1274 867 1306 mutatae
898 1267 1014 1320 dapis

195 1321 376 1360 Inemori
403 1330 566 1374 spectac
617 1335 663 1371 0,

144 1372 287 1435 Quum
314 1375 574 1427 promineret
602 1388 701 1424 ore,
728 1382 928 1429 quantum
954 1380 1115 1413 exstant
1140 1387 1244 1429 aqua
1409 1374 1464 1415 35

197 1426 406 1480 Suspensa
431 1436 572 1468 mento
603 1441 804 1481 corpora3

143 1479 322 1520 Exsecta
348 1480 410 1519 uti
435 1481 640 1531 medulla,
671 1489 713 1520 et
740 1480 901 1520 aridum
930 1479 1048 1521 iecur

195 1532 361 1573 Amoris
392 1543 502 1573 esset
526 1534 725 1588 poculum
740 1564 752 1584 ,

142 1587 408 1626 Interminato
437 1602 563 1642 quum
592 1588 721 1627 semel
747 1586 853 1628 fixae
882 1587 976 1628 cibo

192 1639 463 1680 Intabuisscnt
489 1642 684 1695 pupulae.
1084 1671 1087 1675 .
1408 1644 1462 1687 4ο

140 1694 234 1733 Non
261 1692 446 1734 defuisse
474 1695 680 1734 masculae
708 1694 886 1734 libidinis

193 1746 497 1787 Ariminensem
524 1739 707 1797 Foliam,

140 1799 196 1839 Et
224 1799 356 1839 otiosa
381 1801 558 1840 credidit
587 1802 808 1854 Neapolis,

192 1853 249 1892 Et
276 1866 398 1892 omne
426 1854 607 1894 vicinum
636 1855 859 1908 oppidum,

136 2024 182 2032 -—
205 2016 236 2038 v.
261 2016 316 2038 21.
341 2002 487 2039 Colchos
510 2013 577 2047 pro
603 2003 718 2037 Iolcos
743 2003 834 2037 Edd.
861 2004 1000 2048 aliquot
1036 2006 1125 2038 vett.
1159 2001 1219 2039 Cf.
1244 2002 1354 2045 Both.
1380 2002 1451 2035 An-

136 2055 263 2084 notatt.
287 2069 331 2076 —
355 2063 386 2083 v.
411 2061 465 2084 22.
480 2048 590 2094 foras
615 2060 681 2093 pro
696 2048 810 2094 ferax
836 2047 929 2082 Cod.
954 2049 1060 2081 Brod.
1087 2068 1130 2074 -—
1156 2061 1185 2081 v,
1209 2049 1264 2083 28.
1291 2047 1453 2081 Lam-ens

136 2108 221 2141 aper
242 2097 335 2130 coni.
360 2096 544 2138 Heinsius„
572 2106 676 2139 quam
702 2096 896 2129 lectionem
921 2100 1044 2129 tuetur
1067 2093 1189 2128 Bentl.
1210 2095 1345 2129 refutat
1366 2094 1452 2126 Fea.

133 2157 180 2167 —-
203 2152 234 2175 v.
261 2144 316 2176 33.
345 2150 464 2186 terque
489 2151 609 2173 omnes
632 2140 706 2172 fere
733 2138 852 2174 Codd.
880 2148 970 2172 ter-ve
982 2137 1047 2174 Ed.
1065 2139 1355 2183 Aldin0indeque
1370 2139 1458 2182 plu-v

136 2188 244 2219 rimae
269 2186 358 2219 Edd.
376 2186 418 2220 V.
446 2185 568 2219 Bentl.
593 2203 638 2212 -
661 2197 692 2216 v.
716 2186 770 2228 37.
794 2193 932 2217 exsecta
957 2185 1011 2217 vel
1035 2192 1153 2216 exc-cta
1176 2186 1306 2217 melior
1321 2185 1449 2217 maim·-

136 2243 204 2276 que
230 2242 312 2276 pars
338 2229 457 2265 Codd.
483 2231 621 2274 Reliqui
645 2239 809 2271 exsucta,
837 2240 1006 2262 tea-succa.
1031 2237 1174 2270 exusta,
1199 2238 1326 2271 exuta,
1352 2239 1450 2261 exer·-

136 2286 184 2310 ta.
207 2278 251 2310 N.
273 2278 387 2312 Heins.
413 2277 506 2311 coni.
530 2287 630 2309 exesa
656 2273 742 2313 vid,
769 2275 881 2309 Bentl.
908 2280 943 2308 et
965 2276 1047 2309 Fea.
