1526 2404
136 172 210 220 ¹34
584 184 627 225 ρ.
653 182 838 213 nonam
865 173 1022 212 nacci

130 280 219 320 Aut
248 279 392 319 cistam
421 276 641 318 effractam
666 285 739 318 aut
765 276 973 318 subducta
1003 278 1152 320 viatica
1178 278 1342 332 plorat,

128 334 239 373 Nota
265 331 403 372 refert
435 332 670 371 meretricis
699 331 910 382 acumina,
938 345 1064 394 saepe
1092 333 1310 384 catellam,
1401 331 1456 374 55

129 387 267 440 Saepe
294 385 591 438 periscelidem
617 394 780 447 raptam
808 385 886 425 sibi
912 383 1073 437 ssentls3
1106 386 1169 426 uti
1194 399 1298 425 mox

129 441 253 480 Nulla
276 438 380 478 fides
409 438 566 478 damnis
595 452 793 494 verisque
821 438 1041 479 doloribus
1071 437 1188 480 adsit.

130 496 221 533 Nec
250 493 380 533 semel
407 492 552 533 irrisus
579 493 713 532 triviis
743 493 937 532 attollere
967 501 1087 533 curat

128 548 284 586 Fracto
313 559 438 586 crure
467 547 658 600 planum3
686 546 786 588 licet
813 546 873 585 illi
899 547 1077 600 plurima
1103 553 1244 586 manet

127 601 341 651 Lacrima3
369 612 448 653 per
472 609 658 640 sanctum
685 600 844 639 iuratus
873 599 983 640 dicat
1015 599 1180 649 Osirin,
1404 597 1455 640 60

131 654 326 705 Credite,
349 666 437 692 vnon
463 654 588 705 ludo3
619 653 812 694 crudeles
839 653 977 694 tollite
1005 651 1220 693 claudum!
1247 674 1306 685 --

130 707 303 763 Quaere
331 708 627 762 peregrinum,
655 707 807 749 vicinia
832 720 961 747 rauca
986 707 1200 751 reclamat.

593 915 809 947 trisronA
835 903 986 949 XVIII·

526 989 567 1030 A
586 989 626 1029 D
671 991 707 1032 L
731 989 771 1032 o
793 992 829 1031 L
848 991 921 1032 LI
943 991 982 1031 U
999 990 1056 1033 Μ,
1446 1042 1450 1046 ᾗ

194 1081 256 1113 Est
278 1081 380 1114 huius
405 1068 575 1124 epistolae
602 1079 647 1114 ad
669 1082 826 1114 Lollium
853 1080 913 1126 (de
939 1092 1010 1126 quo
1037 1079 1090 1114 Cf.
1114 1075 1184 1111 Od.
1205 1079 1275 1121 IV,
1295 1088 1330 1121 9.
1345 1076 1457 1121 Epist.

128 1127 164 1160 I.
190 1126 239 1169 2.)
263 1125 359 1159 idem
382 1126 455 1158 sere
483 1126 580 1168 quod
613 1128 775 1170 proxime
799 1127 1045 1170 praecedentis
1069 1130 1342 1167 argumentum..
1367 1123 1457 1155 Nam

130 1172 188 1204 hic
211 1182 352 1214 quoque
379 1170 534 1213 disputat
555 1172 600 1204 de
621 1173 782 1213 ratione,
822 1183 911 1214 quac
935 1172 980 1202 in>
994 1170 1235 1214 potentiorum
1260 1168 1455 1200 amicorum

128 1228 193 1249 usu
217 1215 398 1259 sequenda
421 1215 482 1255 sit,
517 1227 596 1248 cum
623 1217 768 1248 omnino
794 1216 979 1256 omnibus,
1012 1221 1086 1246 tum
1110 1214 1301 1257 praecipue
1324 1212 1456 1253 Lollio,

130 1262 190 1306 qui
217 1261 260 1293 ad
286 1261 469 1293 Tiberium
494 1271 530 1292 se
554 1262 786 1305 applicuerat.
834 1261 955 1292 Monet
979 1260 1083 1300 igitur
1108 1259 1280 1298 amicum,
1305 1263 1341 1288 ut
1365 1258 1456 1288 viam

129 1312 247 1340 teneat
279 1307 370 1338 inter
401 1306 583 1338 scurrilem
610 1307 882 1338 assentationem
908 1311 941 1337 et
967 1305 1108 1335 nimiam
1135 1303 1356 1347 asperitatem
1382 1313 1456 1334 me-

133 1353 228 1384 diam
256 1351 364 1390 (vet-s.
393 1355 413 1383 1
435 1369 480 1374 -
501 1354 581 1393 20);
619 1351 749 1384 deinde
780 1356 818 1382 ut
843 1362 861 1382 a
887 1350 1000 1394 pravis
1033 1349 1189 1381 moribus
1221 1348 1286 1379 sibi
1325 1353 1455 1388 caveat,

131 1408 218 1442 quos
244 1396 365 1428 divites
388 1402 426 1427 ut
452 1396 515 1439 ipsi
543 1407 614 1428 non
639 1396 892 1436 reformident,
918 1396 965 1426 ita
990 1395 1026 1426 in
1051 1393 1244 1426 minoribus
1265 1393 1383 1425 amicis
1398 1403 1456 1424 re·

130 1441 351 1487 prehendant
377 1442 488 1481 (vers.
515 1445 559 1472 2!
575 1444 711 1483 —36);
735 1447 773 1473 ut
800 1451 926 1473 arcana
952 1440 1053 1472 amici
1081 1450 1124 1471 ne
1149 1444 1326 1471 scrutetur
1341 1438 1456 1478 (vers.

129 1490 210 1529 37);
245 1492 283 1518 ut
316 1486 440 1522 studiis
473 1487 616 1518 maioris
651 1487 754 1518 amici
781 1488 995 1530 aliquantum
1022 1484 1125 1517 cedat
1151 1485 1205 1523 (v.
1231 1486 1280 1516 39
1301 1502 1346 1508 —-
1366 1485 1456 1525 effi),

132 1534 270 1575 aliaque
294 1532 420 1563 similia
444 1531 558 1572 (vers.
583 1534 630 1565 67
651 1550 696 1556 —-
719 1534 806 1574 my.
861 1532 1083 1562 Postremum
1120 1529 1162 1562 ad
1196 1528 1387 1573 sapientiae
1423 1533 1459 1560 et

130 1578 267 1609 virtutis
293 1576 447 1609 studium
481 1577 515 1608 iu
539 1579 634 1608 nulla
657 1578 746 1609 vitae
773 1575 978 1609 conditione
1015 1586 1171 1620 unquam
1204 1572 1458 1619 deponendum

132 1623 293 1656 hortatur
317 1623 431 1663 (vers,
455 1625 502 1655 96
526 1634 638 1668 usqne
665 1621 832 1668 adsim).

133 1701 177 1741 Si
207 1701 318 1747 beue
346 1709 390 1741 te
420 1701 538 1751 novi,
567 1710 753 1751 metues,
782 1702 997 1742 liberrime
1025 1699 1158 1750 Lolli,

135 1755 370 1795 Scurrantis
400 1755 583 1807 speciem
612 1756 842 1809 praebere,
869 1755 1088 1809 professus
1117 1753 1305 1796 amicum.

137 1810 191 1848 Ut
224 1817 412 1848 matrona
441 1810 653 1848 meretrici
686 1810 826 1862 dispar
856 1809 935 1848 erit
964 1816 1090 1861 atque
1295 1812 1301 1816 '

133 1863 355 1912 Discolor,
383 1860 511 1900 infido
539 1876 709 1902 scurrae
741 1862 909 1903 distabit
936 1861 1103 1901 amicus.

135 1917 212 1955 Est
239 1916 336 1955 huic
365 1914 578 1956 diversum
606 1917 708 1955 vitio
740 1917 886 1957 vitium
914 1928 1050 1968 prope
1081 1913 1236 1963 maius,
1433 1909 1460 1951 5

135 1969 350 2022 Asperitas
381 1969 553 2022 agrestis
585 1977 627 2008 et
656 1970 900 2010 inconcinna
930 1967 1175 2022 gravisque,

136 2022 260 2075 Quae
288 2035 333 2061 se
363 2023 623 2062 commendat
651 2031 771 2063 tonsa
801 2031 921 2071 cute,
951 2020 1142 2060 dentibus
1171 2018 1292 2070 atris3

136 2076 250 2116 Dum
279 2075 370 2114 vult
393 2074 565 2115 libertas
597 2076 679 2115 dici
706 2091 848 2127 mera,
876 2086 1062 2130 veraque
1088 2073 1234 2112 virtus.

137 2194 183 2204 -
206 2187 244 2209 v.
270 2176 326 2210 62.
354 2176 485 2208 vicinia
510 2184 618 2208 cauta
643 2178 735 2210 coni.
762 2174 961 2209 Markland.
987 2173 1041 2206 Cf.
1065 2173 1148 2205 Fea.

140 2221 335 2299 messvricgi'
361 2233 398 2257 v.
421 2223 455 2275 8.Ὶ
486 2222 539 2277 Ita
570 2223 721 2255 restituit
748 2223 860 2255 Bentl.
887 2229 968 2253 eum
992 2217 1083 2252 Edd.
1116 2223 1197 2250 ante
1227 2228 1307 2250 eum
1340 2217 1459 2251 ferunt
