1526 2404
103 165 153 209 92
512 157 529 172 '
558 165 598 206 Q·
626 163 810 191 nonu-11
842 159 998 191 rLAcct

664 261 866 316 ⁴·Lydia.

105 327 371 386 Quamquam
399 324 540 364 sidere
568 326 788 379 pulchrior

68 397 74 403 ·
156 381 231 420 Ille
263 388 349 428 est,
377 387 425 418 tu
451 379 590 419 levior
617 380 801 431 cortice,
831 388 874 420 et
901 378 1099 434 improbo

108 433 351 474 Iracundior
391 432 573 473 Hadria:

159 490 320 528 Tecum
347 486 493 527 vivere
519 499 677 539 amem,
703 494 847 528 tecum
875 486 1026 526 obeam
1059 485 1210 527 libens.

643 613 834 655 cimam
862 615 914 654 X.

540 713 648 752 AD
704 713 1010 754 LYCEN.

154 812 331 855 Carmen,
359 813 465 858 quale
490 804 911 857 παρακλαυσίθυρον
937 816 1069 850 Graeci
1093 818 1248 857 vocant,
1276 812 1376 858 quod
1398 812 1444 847 ad

111 862 246 894 amicae
272 861 368 893 sores
390 860 615 894 lamentabili
637 871 727 895 voce
753 861 966 906 canebatur,

546 933 547 936 Ἰ
581 950 737 984 Metram
765 950 869 998 quod
888 952 916 984 1.
937 954 972 987 6.

114 1030 367 1069 Extremum
394 1028 551 1069 Tanain
582 1030 617 1069 si
640 1030 836 1082 biberes,
863 1032 1008 1085 Lyce,

116 1083 255 1123 Saevo
284 1090 414 1136 nupta
442 1083 558 1123 viro:
588 1098 657 1124 me
685 1092 826 1124 tamen
857 1099 1028 1138 asperas

115 1138 370 1176 Porrectum
399 1144 496 1176 ante
519 1135 640 1176 fores
669 1137 855 1177 obiicere
886 1138 1036 1177 incolis

536 1189 735 1229 Plorares
763 1190 1054 1245 Aquilonibus.

119 1265 276 1317 Audis,
338 1277 394 1304 uo
422 1264 604 1318 strepitu
634 1264 776 1315 ianua,
805 1277 890 1318 quo
906 1260 1074 1302 ‘nemus
1427 1263 1456 1302 5

121 1321 236 1359 Inter
263 1280 441 1373 pulchra
468 1326 603 1357 satum
630 1325 746 1357 tecta
772 1316 981 1371 remugiat

121 1371 300 1417 Ventis?
329 1380 374 1412 et
398 1372 557 1428 positas
586 1378 634 1410 ut
664 1370 817 1425 glaciet
843 1370 961 1410 nives

526 1425 643 1465 Puro
681 1424 850 1463 numine
877 1421 1068 1477 Iupiter?

130 1504 340 1558 Ingratam
367 1501 528 1545 Veneri
556 1513 671 1554 pone
698 1498 965 1552 superbiam,

126 1559 191 1597 Ne
219 1565 416 1597 currente
445 1563 541 1594 rota
567 1553 680 1593 funis
709 1561 778 1592 eat
802 1560 934 1592 retro.
1422 1565 1470 1593 ιο

127 1612 223 1651 Non
250 1618 294 1651 te
322 1608 575 1661 Penelopen
601 1604 820 1646 difficilem
845 1607 987 1660 procis

493 1661 735 1714 Tyrrhenus
763 1660 910 1713 genuit
937 1673 1102 1714 parens·

134 1737 198 1789 O,
231 1738 420 1794 quamvis
447 1749 586 1790 neque
614 1743 658 1777 te
688 1750 885 1787 munera,
919 1749 998 1776 nec
1026 1747 1204 1791 preces,

133 1794 222 1831 Nec
249 1792 402 1831 tinctus
435 1791 546 1830 viola
575 1789 712 1842 pallor
742 1791 992 1842 amantium,

134 1847 224 1884 Nec
250 1845 317 1885 vir
343 1844 483 1884 Pieria
509 1843 663 1897 pellice
693 1845 858 1884 saucius
1347 1865 1351 1877 ι
1425 1840 1473 1880 15

517 1897 697 1936 curvat:
736 1897 993 1951 supplicibus
1021 1895 1102 1936 tuis
1329 1893 1335 1897 ’

209 1999 262 2039 Χ,
286 2010 316 2030 v.
332 2010 362 2031 1.
391 1998 532 2031 Tanain
556 1996 671 2030 Bentl.
696 2007 714 2028 e
731 1994 854 2031 Codd.
879 1997 977 2028 Olim
1002 1996 1108 2037 vulgo
1123 1994 1287 2028 Tanaim.
1306 2011 1352 2019 —-
1377 2005 1409 2026 v.
1435 1995 1468 2027 3.

141 2044 338 2077 Proiectum
364 2043 487 2077 Bentl.
514 2053 532 2075 e
556 2043 775 2075 coniectura.
804 2041 862 2076 Cf.
889 2042 990 2074 Jahn.
1014 2057 1059 2066 —-·
1090 2052 1122 2073 v.
1146 2040 1182 2073 6.
1209 2048 1327 2072 satum
1351 2038 1470 2073 Bentl-

144 2101 163 2121 e
192 2087 315 2124 Codd.
346 2090 452 2121 sicum
478 2089 536 2120 alii
564 2085 686 2122 codd.
714 2093 750 2121 et
775 2086 868 2120 Edd.
891 2092 978 2120 vett.
1011 2103 1056 2110 -—
1091 2096 1121 2116 v.
1149 2094 1181 2127 7.
1205 2085 1322 2119 Bentl.
1347 2085 1471 2129 posito

144 2140 227 2179 post
251 2135 425 2178 remugiat
447 2135 545 2174 signo
572 2133 863 2175 interrogationis
887 2133 983 2165 coni.
1010 2131 1123 2163 Sentis
1150 2138 1183 2161 et
1206 2140 1283 2174 pos.
1299 2147 1345 2154 —-
1369 2141 1401 2162 v.
1420 2138 1472 2162 ιο.

145 2180 203 2213 Sic
227 2179 343 2213 Bentl.
370 2190 412 2211 ex
437 2180 573 2223 aliquot
602 2175 725 2215 codd.
754 2177 893 2222 Vulgo:
918 2177 969 2210 Ne
994 2183 1155 2210 currente
1175 2183 1272 2209 retro
1285 2173 1395 2220 suni-5
1416 2181 1475 2207 eat

145 2233 239 2261 rota.
264 2222 326 2260 Cf.
348 2224 504 2268 Doering
529 2228 567 2259 et
593 2224 681 2260 Fea.
