1526 2404
447 207 675 234 canutum(
705 207 789 234 mn.
818 195 876 244 Π,
904 206 941 233 a.
1313 197 1360 235 51

570 321 753 360 Caluum
789 322 837 360 11.
878 338 886 348 ¹

325 402 405 442 AI)
434 402 783 444 SALLUSTIUM
821 405 1078 445 CRISPUM.

95 494 149 528 De
170 498 273 527 recto
299 498 335 526 et
359 492 501 525 liberali
527 493 727 526 divitiarum
751 506 836 535 usu,
860 506 931 538 quo
958 494 1102 538 quidem
1129 497 1206 539 ipso
1230 495 1364 529 Sallu·-

38 541 108 574 tim
128 539 342 574 excellebat.

505 619 659 652 Mettum
682 618 907 666 Sapplu'cum.

38 695 187 735 Nullus
215 702 391 749 argento
420 694 541 734 color
567 702 655 745 est,
679 696 813 736 avaris

38 748 195 788 Abdito
221 748 370 798 terris3
396 747 560 787 inimice
596 748 757 789 lamnae

40 801 189 856 Crispe
219 800 410 850 Sallusti,
436 801 515 840 nisi
536 809 772 855 temperato
940 828 966 833 ή-

304 853 533 907 Splendeat
560 869 650 894 usu.

37 919 166 961 Vivet
186 925 355 958 extento
381 917 630 957 Proculeius
657 930 786 967 aevo,
1338 922 1364 960 5

43 974 179 1011 Notus
208 971 251 1010 in
277 970 431 1010 fratres
460 971 582 1010 animi
607 971 791 1024 paterni:

40 1025 165 1064 Illum
191 1031 289 1078 aget
314 1037 451 1076 penna
475 1031 691 1064 metuente
719 1024 827 1065 solvi

110 1078 113 1083 '
301 1077 430 1115 Fama
456 1080 683 1131 superstes.

38 1141 180 1180 Latius
208 1151 360 1193 regnes
386 1139 552 1178 avidum
581 1140 790 1182 domando

39 1194 260 1248 Spiritum,
291 1206 415 1247 quam
442 1191 477 1231 si
502 1192 675 1246 Libyam
701 1193 875 1236 remotis
1154 1243 1158 1246 ,
1316 1214 1362 1240 ιο

39 1246 223 1287 Gadibus
249 1246 415 1298 iungas,
443 1253 486 1284 et
511 1254 692 1303 uterque
717 1250 887 1289 Poenus

303 1298 469 1337 Serviat
494 1301 577 1339 uni.

42 1365 206 1404 Crescit
230 1362 450 1416 indulgens
480 1363 559 1402 sibi
585 1363 699 1403 dirus
729 1363 942 1420 hydrops,

37 1419 125 1457 Nec
152 1417 261 1457 sitim
290 1416 432 1470 pellit,
459 1416 538 1455 nisi
566 1429 690 1456 causa
718 1418 857 1458 morbi

38 1471 215 1525 Fugerit
238 1469 375 1518 veniS‚
402 1477 446 1508 et
474 1483 656 1524 aquosus
681 1470 776 1511 albo
1315 1477 1363 1517 15

302 1523 495 1575 Corpore
525 1523 714 1577 languor.

39 1586 268 1626 Redditum
297 1586 395 1639 Cyri
426 1587 531 1626 solio
559 1586 770 1627 Phraaten

41 1640 257 1680 Dissidens
284 1638 400 1693 plebi
424 1653 600 1679 numero
626 1639 797 1681 beatam

38 1693 194 1733 Eximit
219 1693 386 1741 Virtus,
412 1693 700 1747 populumque
725 1693 842 1742 falsis

301 1746 497 1785 Dedocet
522 1746 585 1785 uti
1308 1764 1359 1792 20

38 1809 226 1851 Vocibus
235 1825 247 1861 ς
275 1810 453 1871 reg'num
482 1817 524 1849 et
551 1810 742 1850 diadema
771 1819 909 1853 turum

40 1863 252 1917 Deferelns
279 1877 349 1901 um
375 1863 673 1918 propriamque
700 1865 886 1918 laurum,

41 1915 241 1975 Quisquis
266 1917 306 1957 in
339 1924 455 1955 entes
484 1917 608 1955 oculo
630 1918 828 1959 irretorto

332 1977 472 2022 pectat
498 1982 684 2010 acervos.

219 2052 298 2063 -ια

95 2102 151 2145 11,
176 2117 206 2137 ν.
229 2116 261 2138 2.
287 2106 341 2140 Ita
365 2106 642 2151 interpunximus
660 2119 740 2141 cum
758 2107 879 2142 Bentl.
905 2119 1010 2155 quem
1030 2109 1074 2142 V.
1098 2127 1144 2134 —
1167 2121 1196 2142 ν.
1222 2120 1254 2153 7.
1280 2111 1356 2186 αῗιέ

43 2143 160 2181 Codd.
174 2150 268 2194 apud
281 2150 395 2185 Bentl.
411 2158 447 2185 et
457 2152 637 2185 Vanderb.
649 2152 703 2185 Cf.
714 2153 830 2187 Bentl.
845 2154 946 2186 Both.
958 2154 1054 2186 lahn.
1069 2173 1115 2180 —-
1140 2167 1169 2187 ν.
1185 2155 1235 2187 18.
1248 2154 1303 2199 ple
1324 2156 1354 2186 is

43 2189 159 2226 Codd.
182 2195 340 2229 Blandin.
363 2201 399 2230 et
417 2196 538 2230 Bentl.
563 2209 670 2241 quem
692 2198 737 2230 V,
758 2217 804 2225 -—
828 2198 965 2232 beatam
988 2200 1091 2232 multi
1113 2197 1230 2232 codd.
1256 2198 1353 2232 Iahn.

43 2234 147 2270 Feae.
169 2238 282 2273 Vand-
306 2241 421 2285 Vulgo
444 2241 645 2283 beatorum,
681 2243 779 2286 quod
801 2245 976 2287 glossema
1001 2244 1140 2278 videtur
1161 2244 1266 2277 Feae.

986 2287 1056 2335 4*
