<?xml version="1.0" encoding="UTF-8"?>
<!DOCTYPE html PUBLIC "-//W3C//DTD XHTML 1.0 Transitional//EN"
    "http://www.w3.org/TR/xhtml1/DTD/xhtml1-transitional.dtd">
<html xmlns="http://www.w3.org/1999/xhtml" xml:lang="en" lang="en">
 <head>
  <title>
</title>
<meta http-equiv="Content-Type" content="text/html;charset=utf-8" />
  <meta name='ocr-system' content='tesseract 3.04.00' />
  <meta name='ocr-capabilities' content='ocr_page ocr_carea ocr_par ocr_line ocrx_word'/>
</head>
<body>
  <div class='ocr_page' id='page_1' title='image "./operaomnia01horauoft_0201.png"; bbox 0 0 1526 2404; ppageno 0'>
   <div class='ocr_carea' id='block_1_1' title="bbox 12 582 295 631">
    <p class='ocr_par' dir='ltr' id='par_1_1' title="bbox 12 582 295 631">
     <span class='ocr_line' id='line_1_1' title="bbox 12 582 295 631; baseline 0 -9"><span class='ocrx_word' id='word_1_1' title='bbox 12 628 16 631; x_wconf 36' lang='lat'>,</span> <span class='ocrx_word' id='word_1_2' title='bbox 66 582 226 623; x_wconf 86' lang='lat' dir='ltr'>Infesto</span> <span class='ocrx_word' id='word_1_3' title='bbox 253 583 295 622; x_wconf 89' lang='lat' dir='ltr'>ni</span> 
     </span>
    </p>
   </div>
   <div class='ocr_carea' id='block_1_2' title="bbox 490 158 1399 209">
    <p class='ocr_par' dir='ltr' id='par_1_2' title="bbox 490 158 1399 209">
     <span class='ocr_line' id='line_1_2' title="bbox 490 158 1399 209; baseline -0.004 -10"><span class='ocrx_word' id='word_1_4' title='bbox 490 171 730 199; x_wconf 68' lang='lat' dir='ltr'>sennouuu</span> <span class='ocrx_word' id='word_1_5' title='bbox 759 170 845 198; x_wconf 77' lang='lat' dir='ltr'>un.</span> <span class='ocrx_word' id='word_1_6' title='bbox 873 158 970 209; x_wconf 45' lang='lat'>124.</span> <span class='ocrx_word' id='word_1_7' title='bbox 1345 159 1399 201; x_wconf 70' lang='grc' dir='ltr'>,ὁ</span> 
     </span>
    </p>
   </div>
   <div class='ocr_carea' id='block_1_3' title="bbox 65 254 1404 1748">
    <p class='ocr_par' dir='ltr' id='par_1_3' title="bbox 68 254 1176 319">
     <span class='ocr_line' id='line_1_3' title="bbox 68 254 1176 319; baseline 0 -15"><span class='ocrx_word' id='word_1_8' title='bbox 68 265 207 319; x_wconf 83' lang='lat' dir='ltr'>Saepe</span> <span class='ocrx_word' id='word_1_9' title='bbox 222 264 367 306; x_wconf 71' lang='lat' dir='ltr'>”tribus</span> <span class='ocrx_word' id='word_1_10' title='bbox 394 254 515 304; x_wconf 71' lang='lat' dir='ltr'>lectis</span> <span class='ocrx_word' id='word_1_11' title='bbox 544 265 688 306; x_wconf 78' lang='lat' dir='ltr'>videas</span> <span class='ocrx_word' id='word_1_12' title='bbox 716 277 898 306; x_wconf 88' lang='lat' dir='ltr'>coenare</span> <span class='ocrx_word' id='word_1_13' title='bbox 926 272 1176 319; x_wconf 79' lang='lat' dir='ltr'>quaternos,</span> 
     </span>
    </p>

    <p class='ocr_par' dir='ltr' id='par_1_4' title="bbox 65 318 1237 373">
     <span class='ocr_line' id='line_1_4' title="bbox 65 318 1237 373; baseline 0.001 -16"><span class='ocrx_word' id='word_1_14' title='bbox 65 318 103 357; x_wconf 90' lang='lat' dir='ltr'><strong>E</strong></span> <span class='ocrx_word' id='word_1_15' title='bbox 127 318 277 373; x_wconf 74' lang='lat' dir='ltr'>quibus</span> <span class='ocrx_word' id='word_1_16' title='bbox 302 331 410 358; x_wconf 76' lang='lat' dir='ltr'>unus</span> <span class='ocrx_word' id='word_1_17' title='bbox 439 326 551 357; x_wconf 88' lang='lat' dir='ltr'>amet</span> <span class='ocrx_word' id='word_1_18' title='bbox 578 319 723 373; x_wconf 82' lang='lat' dir='ltr'>quavis</span> <span class='ocrx_word' id='word_1_19' title='bbox 751 319 1010 373; x_wconf 80' lang='lat' dir='ltr'>adspergere</span> <span class='ocrx_word' id='word_1_20' title='bbox 1038 325 1237 368; x_wconf 83' lang='lat' dir='ltr'>cunctos,</span> 
     </span>
    </p>

    <p class='ocr_par' dir='ltr' id='par_1_5' title="bbox 66 364 1399 463">
     <span class='ocr_line' id='line_1_5' title="bbox 66 364 1399 428; baseline 0.001 -18"><span class='ocrx_word' id='word_1_21' title='bbox 66 364 248 412; x_wconf 80' lang='lat' dir='ltr'>Praeter</span> <span class='ocrx_word' id='word_1_22' title='bbox 275 384 394 423; x_wconf 87' lang='lat' dir='ltr'>eum,</span> <span class='ocrx_word' id='word_1_23' title='bbox 423 371 496 426; x_wconf 86' lang='lat' dir='ltr'>qui</span> <span class='ocrx_word' id='word_1_24' title='bbox 522 371 702 424; x_wconf 84' lang='lat' dir='ltr'>praebet</span> <span class='ocrx_word' id='word_1_25' title='bbox 729 385 902 428; x_wconf 84' lang='lat' dir='ltr'>aquam3</span> <span class='ocrx_word' id='word_1_26' title='bbox 928 378 1052 424; x_wconf 86' lang='lat' dir='ltr'>post,</span> <span class='ocrx_word' id='word_1_27' title='bbox 1078 370 1191 411; x_wconf 87' lang='lat' dir='ltr'>hunc</span> <span class='ocrx_word' id='word_1_28' title='bbox 1225 374 1399 428; x_wconf 73' lang='lat' dir='ltr'>quoque</span> 
     </span>
     <span class='ocr_line' id='line_1_6' title="bbox 892 433 988 463; baseline -0.01 0"><span class='ocrx_word' id='word_1_29' title='bbox 892 433 988 463; x_wconf 72' lang='lat' dir='ltr'>Olus</span> 
     </span>
    </p>

    <p class='ocr_par' dir='ltr' id='par_1_6' title="bbox 70 439 1193 532">
     <span class='ocr_line' id='line_1_7' title="bbox 70 439 1193 532; baseline 0 -16"><span class='ocrx_word' id='word_1_30' title='bbox 70 477 251 518; x_wconf 81' lang='lat' dir='ltr'>Condita</span> <span class='ocrx_word' id='word_1_31' title='bbox 274 489 404 532; x_wconf 85' lang='lat' dir='ltr'>quum</span> <span class='ocrx_word' id='word_1_32' title='bbox 432 489 563 516; x_wconf 82' lang='lat' dir='ltr'>verax</span> <span class='ocrx_word' id='word_1_33' title='bbox 598 478 733 532; x_wconf 87' lang='lat' dir='ltr'>aperit</span> <span class='ocrx_word' id='word_1_34' title='bbox 792 439 1014 518; x_wconf 55' lang='lat' dir='ltr'>raeleordid</span> <span class='ocrx_word' id='word_1_35' title='bbox 1039 475 1193 516; x_wconf 81' lang='lat' dir='ltr'>Liber:</span> 
     </span>
    </p>

    <p class='ocr_par' dir='ltr' id='par_1_7' title="bbox 67 491 1401 586">
     <span class='ocr_line' id='line_1_8' title="bbox 67 491 1401 586; baseline 0.001 -17"><span class='ocrx_word' id='word_1_36' title='bbox 67 531 152 570; x_wconf 83' lang='lat' dir='ltr'>Hic</span> <span class='ocrx_word' id='word_1_37' title='bbox 178 530 256 570; x_wconf 89' lang='lat' dir='ltr'>tibi</span> <span class='ocrx_word' id='word_1_38' title='bbox 286 529 418 570; x_wconf 85' lang='lat' dir='ltr'>comis</span> <span class='ocrx_word' id='word_1_39' title='bbox 449 537 493 568; x_wconf 88' lang='lat' dir='ltr'>et</span> <span class='ocrx_word' id='word_1_40' title='bbox 520 529 704 570; x_wconf 84' lang='lat' dir='ltr'>urbanus</span> <span class='ocrx_word' id='word_1_41' title='bbox 730 491 924 586; x_wconf 59' lang='lat' dir='ltr'>ligerque</span> <span class='ocrx_word' id='word_1_42' title='bbox 952 529 1125 570; x_wconf 80' lang='lat' dir='ltr'>videtur</span> <span class='ocrx_word' id='word_1_43' title='bbox 1347 540 1401 584; x_wconf 83' lang='lat'>90</span> 
     </span>
    </p>

    <p class='ocr_par' dir='ltr' id='par_1_8' title="bbox 341 582 1045 639">
     <span class='ocr_line' id='line_1_9' title="bbox 341 582 1045 639; baseline 0.003 -19"><span class='ocrx_word' id='word_1_44' title='bbox 341 582 403 621; x_wconf 63' lang='lat' dir='ltr'>v&#39;st</span> <span class='ocrx_word' id='word_1_45' title='bbox 434 595 516 636; x_wconf 84' lang='lat' dir='ltr'>ego</span> <span class='ocrx_word' id='word_1_46' title='bbox 543 583 580 622; x_wconf 84' lang='lat' dir='ltr'>si</span> <span class='ocrx_word' id='word_1_47' title='bbox 604 584 700 633; x_wconf 84' lang='lat' dir='ltr'>risi,</span> <span class='ocrx_word' id='word_1_48' title='bbox 728 583 843 639; x_wconf 83' lang='lat' dir='ltr'>quod</span> <span class='ocrx_word' id='word_1_49' title='bbox 878 584 1045 636; x_wconf 85' lang='lat' dir='ltr'>ineptus</span> 
     </span>
    </p>

    <p class='ocr_par' dir='ltr' id='par_1_9' title="bbox 74 634 1096 698">
     <span class='ocr_line' id='line_1_10' title="bbox 74 634 1096 698; baseline 0 -23"><span class='ocrx_word' id='word_1_50' title='bbox 74 636 271 675; x_wconf 81' lang='lat' dir='ltr'><strong>Pastillos</strong></span> <span class='ocrx_word' id='word_1_51' title='bbox 339 634 477 674; x_wconf 79' lang='lat' dir='ltr'>ufilhis</span> <span class='ocrx_word' id='word_1_52' title='bbox 504 635 617 684; x_wconf 78' lang='lat' dir='ltr'>olet,</span> <span class='ocrx_word' id='word_1_53' title='bbox 646 636 884 698; x_wconf 75' lang='lat' dir='ltr'>Gargonius</span> <span class='ocrx_word' id='word_1_54' title='bbox 910 635 1096 685; x_wconf 84' lang='lat' dir='ltr'>hircum,</span> 
     </span>
    </p>

    <p class='ocr_par' dir='ltr' id='par_1_10' title="bbox 69 687 1171 744">
     <span class='ocr_line' id='line_1_11' title="bbox 69 687 1171 744; baseline 0.001 -17"><span class='ocrx_word' id='word_1_55' title='bbox 69 688 244 728; x_wconf 83' lang='lat' dir='ltr'>Lividus</span> <span class='ocrx_word' id='word_1_56' title='bbox 275 697 319 727; x_wconf 88' lang='lat' dir='ltr'>et</span> <span class='ocrx_word' id='word_1_57' title='bbox 345 687 521 727; x_wconf 81' lang='lat' dir='ltr'>mordax</span> <span class='ocrx_word' id='word_1_58' title='bbox 547 688 699 729; x_wconf 77' lang='lat' dir='ltr'>videor</span> <span class='ocrx_word' id='word_1_59' title='bbox 725 689 830 728; x_wconf 80' lang='lat' dir='ltr'>ubi?</span> <span class='ocrx_word' id='word_1_60' title='bbox 851 689 1009 729; x_wconf 85' lang='lat' dir='ltr'>Mentio</span> <span class='ocrx_word' id='word_1_61' title='bbox 1032 689 1067 728; x_wconf 87' lang='lat' dir='ltr'>si</span> <span class='ocrx_word' id='word_1_62' title='bbox 1087 701 1171 744; x_wconf 82' lang='lat' dir='ltr'>qua</span> 
     </span>
    </p>

    <p class='ocr_par' dir='ltr' id='par_1_11' title="bbox 70 739 890 794">
     <span class='ocr_line' id='line_1_12' title="bbox 70 739 890 794; baseline 0.002 -14"><span class='ocrx_word' id='word_1_63' title='bbox 70 741 140 780; x_wconf 89' lang='lat' dir='ltr'>De</span> <span class='ocrx_word' id='word_1_64' title='bbox 170 740 393 794; x_wconf 85' lang='lat' dir='ltr'>Capitolini</span> <span class='ocrx_word' id='word_1_65' title='bbox 416 739 540 780; x_wconf 84' lang='lat' dir='ltr'>furtis</span> <span class='ocrx_word' id='word_1_66' title='bbox 566 741 721 782; x_wconf 85' lang='lat' dir='ltr'>iniecta</span> <span class='ocrx_word' id='word_1_67' title='bbox 746 742 890 782; x_wconf 82' lang='lat' dir='ltr'>Petilli</span> 
     </span>
    </p>

    <p class='ocr_par' dir='ltr' id='par_1_12' title="bbox 72 792 1403 849">
     <span class='ocr_line' id='line_1_13' title="bbox 72 792 1403 849; baseline 0.002 -17"><span class='ocrx_word' id='word_1_68' title='bbox 72 795 136 833; x_wconf 89' lang='lat' dir='ltr'>Te</span> <span class='ocrx_word' id='word_1_69' title='bbox 166 807 310 834; x_wconf 85' lang='lat' dir='ltr'>coram</span> <span class='ocrx_word' id='word_1_70' title='bbox 335 792 489 844; x_wconf 85' lang='lat' dir='ltr'>fuerit,</span> <span class='ocrx_word' id='word_1_71' title='bbox 516 794 742 845; x_wconf 80' lang='lat' dir='ltr'>defendas,</span> <span class='ocrx_word' id='word_1_72' title='bbox 771 803 818 834; x_wconf 90' lang='lat' dir='ltr'>ut</span> <span class='ocrx_word' id='word_1_73' title='bbox 844 803 942 835; x_wconf 85' lang='lat' dir='ltr'>tuus</span> <span class='ocrx_word' id='word_1_74' title='bbox 972 802 1037 834; x_wconf 83' lang='lat' dir='ltr'>est</span> <span class='ocrx_word' id='word_1_75' title='bbox 1062 807 1179 835; x_wconf 78' lang='lat' dir='ltr'>mos:</span> <span class='ocrx_word' id='word_1_76' title='bbox 1196 817 1251 826; x_wconf 89' lang='lat'><em>-</em></span> <span class='ocrx_word' id='word_1_77' title='bbox 1349 794 1403 849; x_wconf 80' lang='lat'>95</span> 
     </span>
    </p>

    <p class='ocr_par' dir='ltr' id='par_1_13' title="bbox 75 846 1091 902">
     <span class='ocr_line' id='line_1_14' title="bbox 75 846 1091 902; baseline 0.001 -16"><span class='ocrx_word' id='word_1_78' title='bbox 75 847 146 886; x_wconf 82' lang='lat' dir='ltr'>Me</span> <span class='ocrx_word' id='word_1_79' title='bbox 172 846 437 900; x_wconf 79' lang='lat' dir='ltr'>&#39;Capitolinus</span> <span class='ocrx_word' id='word_1_80' title='bbox 465 847 710 887; x_wconf 83' lang='lat' dir='ltr'>convictore</span> <span class='ocrx_word' id='word_1_81' title='bbox 743 861 843 887; x_wconf 89' lang='lat' dir='ltr'>usus</span> <span class='ocrx_word' id='word_1_82' title='bbox 873 848 1091 902; x_wconf 82' lang='lat' dir='ltr'>amicoque</span> 
     </span>
    </p>

    <p class='ocr_par' dir='ltr' id='par_1_14' title="bbox 75 898 1193 953">
     <span class='ocr_line' id='line_1_15' title="bbox 75 898 1193 953; baseline 0.001 -15"><span class='ocrx_word' id='word_1_83' title='bbox 75 898 115 938; x_wconf 82' lang='lat' dir='ltr'>A</span> <span class='ocrx_word' id='word_1_84' title='bbox 140 913 279 952; x_wconf 87' lang='lat' dir='ltr'>puero</span> <span class='ocrx_word' id='word_1_85' title='bbox 310 907 398 949; x_wconf 84' lang='lat' dir='ltr'>est,</span> <span class='ocrx_word' id='word_1_86' title='bbox 426 912 549 938; x_wconf 87' lang='lat' dir='ltr'>causa</span> <span class='ocrx_word' id='word_1_87' title='bbox 610 914 634 939; x_wconf 90' lang='lat' dir='ltr'>e</span> <span class='ocrx_word' id='word_1_88' title='bbox 661 914 756 939; x_wconf 87' lang='lat' dir='ltr'>mea</span> <span class='ocrx_word' id='word_1_89' title='bbox 781 901 994 953; x_wconf 85' lang='lat' dir='ltr'>permulta</span> <span class='ocrx_word' id='word_1_90' title='bbox 1019 908 1193 953; x_wconf 82' lang='lat' dir='ltr'>rogatus</span> 
     </span>
    </p>

    <p class='ocr_par' dir='ltr' id='par_1_15' title="bbox 74 914 1208 1007">
     <span class='ocr_line' id='line_1_16' title="bbox 74 914 1208 1007; baseline 0 -16"><span class='ocrx_word' id='word_1_91' title='bbox 74 952 222 1002; x_wconf 65' lang='lat' dir='ltr'>Fecit5</span> <span class='ocrx_word' id='word_1_92' title='bbox 253 959 297 991; x_wconf 85' lang='lat' dir='ltr'>et</span> <span class='ocrx_word' id='word_1_93' title='bbox 321 914 707 992; x_wconf 38' lang='lat' dir='ltr'>incolumisil&#39;aietor</span> <span class='ocrx_word' id='word_1_94' title='bbox 733 953 850 1007; x_wconf 87' lang='lat' dir='ltr'>quod</span> <span class='ocrx_word' id='word_1_95' title='bbox 877 953 981 992; x_wconf 71' lang='lat' dir='ltr'>vivit</span> <span class='ocrx_word' id='word_1_96' title='bbox 1007 953 1048 991; x_wconf 90' lang='lat' dir='ltr'>in</span> <span class='ocrx_word' id='word_1_97' title='bbox 1075 952 1208 1003; x_wconf 87' lang='lat' dir='ltr'>urhe,</span> 
     </span>
    </p>

    <p class='ocr_par' dir='ltr' id='par_1_16' title="bbox 76 1004 1195 1060">
     <span class='ocr_line' id='line_1_17' title="bbox 76 1004 1195 1060; baseline 0 -17"><span class='ocrx_word' id='word_1_98' title='bbox 76 1004 164 1044; x_wconf 89' lang='lat' dir='ltr'>Sed</span> <span class='ocrx_word' id='word_1_99' title='bbox 191 1013 332 1044; x_wconf 86' lang='lat' dir='ltr'>tamen</span> <span class='ocrx_word' id='word_1_100' title='bbox 359 1004 566 1050; x_wconf 82' lang='lat' dir='ltr'>admiror,</span> <span class='ocrx_word' id='word_1_101' title='bbox 595 1019 683 1060; x_wconf 89' lang='lat' dir='ltr'>quo</span> <span class='ocrx_word' id='word_1_102' title='bbox 708 1014 833 1058; x_wconf 88' lang='lat' dir='ltr'>pacto</span> <span class='ocrx_word' id='word_1_103' title='bbox 862 1005 1061 1044; x_wconf 87' lang='lat' dir='ltr'>iudicium</span> <span class='ocrx_word' id='word_1_104' title='bbox 1089 1005 1195 1043; x_wconf 86' lang='lat' dir='ltr'>illud</span> 
     </span>
    </p>

    <p class='ocr_par' dir='ltr' id='par_1_17' title="bbox 74 1057 1404 1112">
     <span class='ocr_line' id='line_1_18' title="bbox 74 1057 1404 1112; baseline 0.002 -16"><span class='ocrx_word' id='word_1_105' title='bbox 74 1057 269 1111; x_wconf 80' lang='lat' dir='ltr'>Fugerit.</span> <span class='ocrx_word' id='word_1_106' title='bbox 298 1080 354 1087; x_wconf 93' lang='lat'>—</span> <span class='ocrx_word' id='word_1_107' title='bbox 379 1057 462 1096; x_wconf 88' lang='lat' dir='ltr'>Hic</span> <span class='ocrx_word' id='word_1_108' title='bbox 489 1058 531 1096; x_wconf 89' lang='lat' dir='ltr'>ni</span> <span class='ocrx_word' id='word_1_109' title='bbox 586 1072 634 1097; x_wconf 86' lang='lat' dir='ltr'>ae</span> <span class='ocrx_word' id='word_1_110' title='bbox 662 1071 813 1097; x_wconf 89' lang='lat' dir='ltr'>succus</span> <span class='ocrx_word' id='word_1_111' title='bbox 839 1058 1044 1112; x_wconf 83' lang='lat' dir='ltr'>loliginis,</span> <span class='ocrx_word' id='word_1_112' title='bbox 1073 1058 1179 1097; x_wconf 80' lang='lat' dir='ltr'>haec</span> <span class='ocrx_word' id='word_1_113' title='bbox 1207 1066 1272 1098; x_wconf 89' lang='lat' dir='ltr'>est</span> <span class='ocrx_word' id='word_1_114' title='bbox 1330 1071 1404 1099; x_wconf 85' lang='lat'>100</span> 
     </span>
    </p>

    <p class='ocr_par' dir='ltr' id='par_1_18' title="bbox 73 1110 1278 1171">
     <span class='ocr_line' id='line_1_19' title="bbox 73 1110 1278 1171; baseline 0 -22"><span class='ocrx_word' id='word_1_115' title='bbox 73 1110 251 1164; x_wconf 84' lang='lat' dir='ltr'>Aerugo</span> <span class='ocrx_word' id='word_1_116' title='bbox 278 1123 419 1159; x_wconf 81' lang='lat' dir='ltr'>mera,</span> <span class='ocrx_word' id='word_1_117' title='bbox 448 1123 534 1171; x_wconf 71' lang='lat' dir='ltr'>quo</span> <span class='ocrx_word' id='word_1_118' title='bbox 594 1110 741 1151; x_wconf 81' lang='lat' dir='ltr'>vitium</span> <span class='ocrx_word' id='word_1_119' title='bbox 768 1112 923 1164; x_wconf 89' lang='lat' dir='ltr'>procul</span> <span class='ocrx_word' id='word_1_120' title='bbox 951 1110 1072 1150; x_wconf 83' lang='lat' dir='ltr'>afore</span> <span class='ocrx_word' id='word_1_121' title='bbox 1102 1110 1278 1161; x_wconf 82' lang='lat' dir='ltr'>chartis,</span> 
     </span>
    </p>

    <p class='ocr_par' dir='ltr' id='par_1_19' title="bbox 74 1162 1280 1218">
     <span class='ocr_line' id='line_1_20' title="bbox 74 1162 1280 1218; baseline 0.001 -16"><span class='ocrx_word' id='word_1_122' title='bbox 74 1162 217 1217; x_wconf 82' lang='lat' dir='ltr'>Atque</span> <span class='ocrx_word' id='word_1_123' title='bbox 245 1162 381 1202; x_wconf 65' lang='lat' dir='ltr'>animo</span> <span class='ocrx_word' id='word_1_124' title='bbox 410 1177 549 1216; x_wconf 77' lang='lat' dir='ltr'>prius,</span> <span class='ocrx_word' id='word_1_125' title='bbox 583 1172 631 1202; x_wconf 91' lang='lat' dir='ltr'>ut</span> <span class='ocrx_word' id='word_1_126' title='bbox 658 1163 694 1202; x_wconf 88' lang='lat' dir='ltr'>si</span> <span class='ocrx_word' id='word_1_127' title='bbox 722 1163 824 1218; x_wconf 71' lang='lat' dir='ltr'>quid</span> <span class='ocrx_word' id='word_1_128' title='bbox 849 1164 1102 1217; x_wconf 85' lang='lat' dir='ltr'>promittere</span> <span class='ocrx_word' id='word_1_129' title='bbox 1130 1163 1184 1203; x_wconf 87' lang='lat' dir='ltr'>de</span> <span class='ocrx_word' id='word_1_130' title='bbox 1210 1177 1280 1203; x_wconf 88' lang='lat' dir='ltr'>me</span> 
     </span>
    </p>

    <p class='ocr_par' dir='ltr' id='par_1_20' title="bbox 76 1214 1086 1270">
     <span class='ocr_line' id='line_1_21' title="bbox 76 1214 1086 1270; baseline 0.001 -16"><span class='ocrx_word' id='word_1_131' title='bbox 76 1216 258 1255; x_wconf 87' lang='lat' dir='ltr'>Possum</span> <span class='ocrx_word' id='word_1_132' title='bbox 285 1214 399 1254; x_wconf 83' lang='lat' dir='ltr'>aliud</span> <span class='ocrx_word' id='word_1_133' title='bbox 422 1229 547 1266; x_wconf 81' lang='lat' dir='ltr'>vere,</span> <span class='ocrx_word' id='word_1_134' title='bbox 578 1216 794 1270; x_wconf 87' lang='lat' dir='ltr'>promitto.</span> <span class='ocrx_word' id='word_1_135' title='bbox 830 1216 1026 1256; x_wconf 86' lang='lat' dir='ltr'>Liberius</span> <span class='ocrx_word' id='word_1_136' title='bbox 1051 1217 1086 1256; x_wconf 90' lang='lat' dir='ltr'>si</span> 
     </span>
    </p>

    <p class='ocr_par' dir='ltr' id='par_1_21' title="bbox 75 1268 1199 1323">
     <span class='ocr_line' id='line_1_22' title="bbox 75 1268 1199 1323; baseline 0.003 -16"><span class='ocrx_word' id='word_1_137' title='bbox 75 1268 238 1308; x_wconf 82' lang='lat' dir='ltr'>Dixero</span> <span class='ocrx_word' id='word_1_138' title='bbox 264 1268 392 1323; x_wconf 82' lang='lat' dir='ltr'>quid,</span> <span class='ocrx_word' id='word_1_139' title='bbox 421 1269 456 1307; x_wconf 92' lang='lat' dir='ltr'>si</span> <span class='ocrx_word' id='word_1_140' title='bbox 483 1268 598 1308; x_wconf 86' lang='lat' dir='ltr'>forte</span> <span class='ocrx_word' id='word_1_141' title='bbox 625 1269 833 1318; x_wconf 87' lang='lat' dir='ltr'>iocosius,</span> <span class='ocrx_word' id='word_1_142' title='bbox 860 1269 943 1308; x_wconf 89' lang='lat' dir='ltr'>hoc</span> <span class='ocrx_word' id='word_1_143' title='bbox 970 1269 1071 1308; x_wconf 91' lang='lat' dir='ltr'>mihi</span> <span class='ocrx_word' id='word_1_144' title='bbox 1098 1270 1199 1310; x_wconf 68' lang='lat' dir='ltr'>imis</span> 
     </span>
    </p>

    <p class='ocr_par' dir='ltr' id='par_1_22' title="bbox 77 1320 1404 1375">
     <span class='ocr_line' id='line_1_23' title="bbox 77 1320 1404 1375; baseline 0.004 -16"><span class='ocrx_word' id='word_1_145' title='bbox 77 1321 183 1360; x_wconf 88' lang='lat' dir='ltr'>Cum</span> <span class='ocrx_word' id='word_1_146' title='bbox 210 1321 332 1360; x_wconf 82' lang='lat' dir='ltr'>venia</span> <span class='ocrx_word' id='word_1_147' title='bbox 362 1320 492 1360; x_wconf 84' lang='lat' dir='ltr'>dabis.</span> <span class='ocrx_word' id='word_1_148' title='bbox 521 1321 707 1361; x_wconf 82' lang='lat' dir='ltr'>Iusuevit</span> <span class='ocrx_word' id='word_1_149' title='bbox 730 1330 852 1375; x_wconf 88' lang='lat' dir='ltr'>pater</span> <span class='ocrx_word' id='word_1_150' title='bbox 880 1322 1062 1375; x_wconf 83' lang='lat' dir='ltr'>optimus</span> <span class='ocrx_word' id='word_1_151' title='bbox 1089 1323 1172 1363; x_wconf 87' lang='lat' dir='ltr'>hoc</span> <span class='ocrx_word' id='word_1_152' title='bbox 1197 1338 1290 1374; x_wconf 88' lang='lat' dir='ltr'>me,</span> <span class='ocrx_word' id='word_1_153' title='bbox 1329 1323 1404 1364; x_wconf 86' lang='lat'>105</span> 
     </span>
    </p>

    <p class='ocr_par' dir='ltr' id='par_1_23' title="bbox 75 1373 1287 1429">
     <span class='ocr_line' id='line_1_24' title="bbox 75 1373 1287 1429; baseline 0.003 -17"><span class='ocrx_word' id='word_1_154' title='bbox 75 1373 133 1412; x_wconf 86' lang='lat' dir='ltr'>Ut</span> <span class='ocrx_word' id='word_1_155' title='bbox 160 1373 382 1427; x_wconf 82' lang='lat' dir='ltr'>fugerem,</span> <span class='ocrx_word' id='word_1_156' title='bbox 411 1374 612 1427; x_wconf 85' lang='lat' dir='ltr'>exemplis</span> <span class='ocrx_word' id='word_1_157' title='bbox 639 1374 838 1414; x_wconf 76' lang='lat' dir='ltr'>vitiomm</span> <span class='ocrx_word' id='word_1_158' title='bbox 865 1388 1059 1429; x_wconf 84' lang='lat' dir='ltr'>quaeque</span> <span class='ocrx_word' id='word_1_159' title='bbox 1088 1377 1287 1417; x_wconf 87' lang='lat' dir='ltr'>notando.</span> 
     </span>
    </p>

    <p class='ocr_par' dir='ltr' id='par_1_24' title="bbox 82 1425 1211 1484">
     <span class='ocr_line' id='line_1_25' title="bbox 82 1425 1211 1484; baseline 0.004 -20"><span class='ocrx_word' id='word_1_160' title='bbox 82 1425 227 1484; x_wconf 79' lang='lat' dir='ltr'>Quum</span> <span class='ocrx_word' id='word_1_161' title='bbox 254 1440 322 1475; x_wconf 80' lang='lat' dir='ltr'>me</span> <span class='ocrx_word' id='word_1_162' title='bbox 345 1426 602 1477; x_wconf 80' lang='lat' dir='ltr'>hortaretur,</span> <span class='ocrx_word' id='word_1_163' title='bbox 628 1440 778 1480; x_wconf 76' lang='lat' dir='ltr'>parce,</span> <span class='ocrx_word' id='word_1_164' title='bbox 805 1428 1054 1482; x_wconf 82' lang='lat' dir='ltr'>frugaliter,</span> <span class='ocrx_word' id='word_1_165' title='bbox 1084 1436 1211 1483; x_wconf 83' lang='lat' dir='ltr'>atque</span> 
     </span>
    </p>

    <p class='ocr_par' dir='ltr' id='par_1_25' title="bbox 84 1478 1300 1534">
     <span class='ocr_line' id='line_1_26' title="bbox 84 1478 1300 1534; baseline 0.002 -16"><span class='ocrx_word' id='word_1_166' title='bbox 84 1478 287 1518; x_wconf 77' lang='lat' dir='ltr'>viverem</span> <span class='ocrx_word' id='word_1_167' title='bbox 318 1480 380 1518; x_wconf 88' lang='lat' dir='ltr'>uti</span> <span class='ocrx_word' id='word_1_168' title='bbox 405 1487 626 1519; x_wconf 88' lang='lat' dir='ltr'>contentus</span> <span class='ocrx_word' id='word_1_169' title='bbox 656 1493 732 1529; x_wconf 87' lang='lat' dir='ltr'>eo,</span> <span class='ocrx_word' id='word_1_170' title='bbox 760 1480 876 1534; x_wconf 88' lang='lat' dir='ltr'>quod</span> <span class='ocrx_word' id='word_1_171' title='bbox 902 1484 961 1519; x_wconf 79' lang='lat' dir='ltr'>mi</span> <span class='ocrx_word' id='word_1_172' title='bbox 980 1480 1071 1533; x_wconf 91' lang='lat' dir='ltr'>ipse</span> <span class='ocrx_word' id='word_1_173' title='bbox 1091 1490 1300 1534; x_wconf 81' lang='lat' dir='ltr'>parasset:</span> 
     </span>
    </p>

    <p class='ocr_par' dir='ltr' id='par_1_26' title="bbox 84 1530 1216 1588">
     <span class='ocr_line' id='line_1_27' title="bbox 84 1530 1216 1588; baseline 0.004 -19"><span class='ocrx_word' id='word_1_174' title='bbox 84 1532 234 1569; x_wconf 87' lang='lat' dir='ltr'>Nonne</span> <span class='ocrx_word' id='word_1_175' title='bbox 262 1530 403 1580; x_wconf 82' lang='lat' dir='ltr'>vides,</span> <span class='ocrx_word' id='word_1_176' title='bbox 430 1531 530 1570; x_wconf 74' lang='lat' dir='ltr'>Albi</span> <span class='ocrx_word' id='word_1_177' title='bbox 555 1540 602 1571; x_wconf 91' lang='lat' dir='ltr'>ut</span> <span class='ocrx_word' id='word_1_178' title='bbox 634 1533 743 1571; x_wconf 88' lang='lat' dir='ltr'>male</span> <span class='ocrx_word' id='word_1_179' title='bbox 772 1533 886 1572; x_wconf 69' lang='lat' dir='ltr'>vivat</span> <span class='ocrx_word' id='word_1_180' title='bbox 913 1532 1021 1571; x_wconf 87' lang='lat' dir='ltr'>filius</span> <span class='ocrx_word' id='word_1_181' title='bbox 1037 1532 1057 1571; x_wconf 87' lang='lat'><strong>?</strong></span> <span class='ocrx_word' id='word_1_182' title='bbox 1084 1542 1216 1588; x_wconf 85' lang='lat' dir='ltr'>utque</span> 
     </span>
    </p>

    <p class='ocr_par' dir='ltr' id='par_1_27' title="bbox 77 1583 1404 1638">
     <span class='ocr_line' id='line_1_28' title="bbox 77 1583 1404 1638; baseline 0.004 -17"><span class='ocrx_word' id='word_1_183' title='bbox 77 1585 237 1631; x_wconf 81' lang='lat' dir='ltr'>Barrus</span> <span class='ocrx_word' id='word_1_184' title='bbox 254 1583 405 1635; x_wconf 83' lang='lat' dir='ltr'>inops?</span> <span class='ocrx_word' id='word_1_185' title='bbox 426 1597 620 1636; x_wconf 85' lang='lat' dir='ltr'>magnum</span> <span class='ocrx_word' id='word_1_186' title='bbox 637 1585 948 1634; x_wconf 81' lang='lat' dir='ltr'>documentum,</span> <span class='ocrx_word' id='word_1_187' title='bbox 966 1600 1018 1625; x_wconf 88' lang='lat' dir='ltr'>ne</span> <span class='ocrx_word' id='word_1_188' title='bbox 1030 1587 1206 1638; x_wconf 85' lang='lat' dir='ltr'>patriam</span> <span class='ocrx_word' id='word_1_189' title='bbox 1222 1600 1313 1626; x_wconf 86' lang='lat' dir='ltr'>rem</span> <span class='ocrx_word' id='word_1_190' title='bbox 1331 1602 1344 1624; x_wconf 82' lang='lat'>1</span> <span class='ocrx_word' id='word_1_191' title='bbox 1357 1600 1404 1626; x_wconf 85' lang='grc' dir='ltr'>ιο</span> 
     </span>
    </p>

    <p class='ocr_par' dir='ltr' id='par_1_28' title="bbox 79 1635 1141 1689">
     <span class='ocr_line' id='line_1_29' title="bbox 79 1635 1141 1689; baseline 0.004 -15"><span class='ocrx_word' id='word_1_192' title='bbox 79 1635 271 1675; x_wconf 87' lang='lat' dir='ltr'>Perdere</span> <span class='ocrx_word' id='word_1_193' title='bbox 291 1635 383 1689; x_wconf 83' lang='lat' dir='ltr'>quis</span> <span class='ocrx_word' id='word_1_194' title='bbox 403 1636 517 1675; x_wconf 77' lang='lat' dir='ltr'>velit.</span> <span class='ocrx_word' id='word_1_195' title='bbox 545 1636 583 1674; x_wconf 89' lang='lat' dir='ltr'>A</span> <span class='ocrx_word' id='word_1_196' title='bbox 605 1638 720 1689; x_wconf 87' lang='lat' dir='ltr'>turpi</span> <span class='ocrx_word' id='word_1_197' title='bbox 744 1638 977 1677; x_wconf 81' lang='lat' dir='ltr'>meretricis</span> <span class='ocrx_word' id='word_1_198' title='bbox 998 1652 1141 1678; x_wconf 85' lang='lat' dir='ltr'>amore</span> 
     </span>
    </p>

    <p class='ocr_par' dir='ltr' id='par_1_29' title="bbox 83 1687 1022 1748">
     <span class='ocr_line' id='line_1_30' title="bbox 83 1687 1022 1748; baseline 0.003 -22"><span class='ocrx_word' id='word_1_199' title='bbox 83 1687 229 1748; x_wconf 76' lang='lat' dir='ltr'>Quum</span> <span class='ocrx_word' id='word_1_200' title='bbox 248 1687 510 1727; x_wconf 88' lang='lat' dir='ltr'>deterreret:</span> <span class='ocrx_word' id='word_1_201' title='bbox 539 1688 708 1727; x_wconf 86' lang='lat' dir='ltr'>Scetani</span> <span class='ocrx_word' id='word_1_202' title='bbox 726 1689 932 1729; x_wconf 74' lang='lat' dir='ltr'>dissimilis</span> <span class='ocrx_word' id='word_1_203' title='bbox 956 1691 1022 1730; x_wconf 85' lang='lat' dir='ltr'>sis.</span> 
     </span>
    </p>
   </div>
   <div class='ocr_carea' id='block_1_4' title="bbox 78 1786 343 1796">
    <p class='ocr_par' dir='ltr' id='par_1_30' title="bbox 78 1786 343 1796">
     <span class='ocr_line' id='line_1_31' title="bbox 78 1786 343 1796; baseline 0 0"><span class='ocrx_word' id='word_1_204' title='bbox 78 1786 343 1796; x_wconf 95' lang='lat' dir='ltr'> </span> 
     </span>
    </p>
   </div>
   <div class='ocr_carea' id='block_1_5' title="bbox 80 1846 1406 1891">
    <p class='ocr_par' dir='ltr' id='par_1_31' title="bbox 80 1846 1406 1891">
     <span class='ocr_line' id='line_1_32' title="bbox 80 1846 1406 1891; baseline 0.006 -14"><span class='ocrx_word' id='word_1_205' title='bbox 80 1863 127 1872; x_wconf 90' lang='lat'>—</span> <span class='ocrx_word' id='word_1_206' title='bbox 149 1857 181 1878; x_wconf 86' lang='lat' dir='ltr'>v.</span> <span class='ocrx_word' id='word_1_207' title='bbox 206 1846 263 1888; x_wconf 84' lang='lat'>87.</span> <span class='ocrx_word' id='word_1_208' title='bbox 297 1847 392 1879; x_wconf 83' lang='lat' dir='ltr'>imus</span> <span class='ocrx_word' id='word_1_209' title='bbox 416 1856 483 1891; x_wconf 84' lang='lat' dir='ltr'>pro</span> <span class='ocrx_word' id='word_1_210' title='bbox 511 1858 604 1880; x_wconf 81' lang='lat' dir='ltr'>unus</span> <span class='ocrx_word' id='word_1_211' title='bbox 625 1848 699 1880; x_wconf 83' lang='lat' dir='ltr'>Fea</span> <span class='ocrx_word' id='word_1_212' title='bbox 722 1857 765 1880; x_wconf 83' lang='lat' dir='ltr'>ex</span> <span class='ocrx_word' id='word_1_213' title='bbox 788 1847 926 1890; x_wconf 80' lang='lat' dir='ltr'>aliquot</span> <span class='ocrx_word' id='word_1_214' title='bbox 949 1847 1067 1881; x_wconf 89' lang='lat' dir='ltr'>Codd.</span> <span class='ocrx_word' id='word_1_215' title='bbox 1090 1868 1137 1875; x_wconf 80' lang='lat'>—</span> <span class='ocrx_word' id='word_1_216' title='bbox 1169 1860 1259 1884; x_wconf 80' lang='lat' dir='ltr'>amet</span> <span class='ocrx_word' id='word_1_217' title='bbox 1282 1851 1406 1885; x_wconf 76' lang='lat' dir='ltr'>Bentl-</span> 
     </span>
    </p>
   </div>
   <div class='ocr_carea' id='block_1_6' title="bbox 10 1889 1408 1943">
    <p class='ocr_par' dir='ltr' id='par_1_32' title="bbox 10 1889 1408 1943">
     <span class='ocr_line' id='line_1_33' title="bbox 10 1889 1408 1943; baseline 0.004 -20"><span class='ocrx_word' id='word_1_218' title='bbox 10 1904 14 1908; x_wconf 74' lang='grc'><strong>’</strong></span> <span class='ocrx_word' id='word_1_219' title='bbox 84 1901 126 1923; x_wconf 81' lang='lat' dir='ltr'>ex</span> <span class='ocrx_word' id='word_1_220' title='bbox 153 1889 272 1924; x_wconf 87' lang='lat' dir='ltr'>Codd.</span> <span class='ocrx_word' id='word_1_221' title='bbox 316 1902 384 1935; x_wconf 89' lang='lat' dir='ltr'>pro</span> <span class='ocrx_word' id='word_1_222' title='bbox 409 1900 509 1932; x_wconf 69' lang='lat' dir='ltr'>avet,</span> <span class='ocrx_word' id='word_1_223' title='bbox 541 1893 639 1935; x_wconf 84' lang='lat' dir='ltr'>quod</span> <span class='ocrx_word' id='word_1_224' title='bbox 674 1893 760 1924; x_wconf 85' lang='lat' dir='ltr'>olim</span> <span class='ocrx_word' id='word_1_225' title='bbox 785 1893 978 1937; x_wconf 75' lang='lat' dir='ltr'>pleraeque</span> <span class='ocrx_word' id='word_1_226' title='bbox 1002 1894 1092 1925; x_wconf 87' lang='lat' dir='ltr'>Edd.</span> <span class='ocrx_word' id='word_1_227' title='bbox 1116 1896 1327 1943; x_wconf 69' lang='lat' dir='ltr'>habueruut.</span> <span class='ocrx_word' id='word_1_228' title='bbox 1360 1915 1408 1922; x_wconf 89' lang='lat'>—</span> 
     </span>
    </p>
   </div>
   <div class='ocr_carea' id='block_1_7' title="bbox 85 1937 1405 1981">
    <p class='ocr_par' dir='ltr' id='par_1_33' title="bbox 85 1937 1405 1981">
     <span class='ocr_line' id='line_1_34' title="bbox 85 1937 1405 1981; baseline 0.005 -15"><span class='ocrx_word' id='word_1_229' title='bbox 85 1947 117 1967; x_wconf 82' lang='lat' dir='ltr'>v.</span> <span class='ocrx_word' id='word_1_230' title='bbox 133 1937 190 1970; x_wconf 89' lang='lat'>88.</span> <span class='ocrx_word' id='word_1_231' title='bbox 216 1947 313 1981; x_wconf 80' lang='lat' dir='ltr'><strong><em>aqna</em></strong></span> <span class='ocrx_word' id='word_1_232' title='bbox 340 1938 571 1968; x_wconf 67' lang='lat' dir='ltr'>coniecerunt</span> <span class='ocrx_word' id='word_1_233' title='bbox 595 1937 774 1969; x_wconf 54' lang='lat' dir='ltr'>Budaeus</span> <span class='ocrx_word' id='word_1_234' title='bbox 800 1942 835 1968; x_wconf 80' lang='lat' dir='ltr'>et</span> <span class='ocrx_word' id='word_1_235' title='bbox 849 1938 978 1970; x_wconf 74' lang='lat' dir='ltr'>Mur-et.</span> <span class='ocrx_word' id='word_1_236' title='bbox 993 1939 1188 1973; x_wconf 75' lang='lat' dir='ltr'>Lf.Heind.</span> <span class='ocrx_word' id='word_1_237' title='bbox 1215 1959 1256 1966; x_wconf 85' lang='lat'>—</span> <span class='ocrx_word' id='word_1_238' title='bbox 1282 1954 1313 1973; x_wconf 77' lang='lat' dir='ltr'>v.</span> <span class='ocrx_word' id='word_1_239' title='bbox 1332 1951 1405 1975; x_wconf 89' lang='lat'>100.</span> 
     </span>
    </p>
   </div>
   <div class='ocr_carea' id='block_1_8' title="bbox 0 1972 1409 2024">
    <p class='ocr_par' dir='ltr' id='par_1_34' title="bbox 0 1972 1409 2024">
     <span class='ocr_line' id='line_1_35' title="bbox 0 1972 1409 2024; baseline 0.005 -13"><span class='ocrx_word' id='word_1_240' title='bbox 0 1972 1 1978; x_wconf 13' lang='grc' dir='ltr'>ἵ</span> <span class='ocrx_word' id='word_1_241' title='bbox 27 2002 31 2006; x_wconf 88' lang='lat'><em>-</em></span> <span class='ocrx_word' id='word_1_242' title='bbox 85 1977 192 2017; x_wconf 71' lang='lat' dir='ltr'>sucus</span> <span class='ocrx_word' id='word_1_243' title='bbox 215 1990 282 2024; x_wconf 81' lang='lat' dir='ltr'>pro</span> <span class='ocrx_word' id='word_1_244' title='bbox 307 1993 434 2013; x_wconf 82' lang='lat' dir='ltr'>succus</span> <span class='ocrx_word' id='word_1_245' title='bbox 458 1982 530 2013; x_wconf 78' lang='lat' dir='ltr'>Fea</span> <span class='ocrx_word' id='word_1_246' title='bbox 555 1992 598 2013; x_wconf 82' lang='lat' dir='ltr'>ex</span> <span class='ocrx_word' id='word_1_247' title='bbox 619 1992 691 2012; x_wconf 92' lang='lat' dir='ltr'>uno</span> <span class='ocrx_word' id='word_1_248' title='bbox 716 1980 807 2014; x_wconf 78' lang='lat' dir='ltr'>Cnd.</span> <span class='ocrx_word' id='word_1_249' title='bbox 834 1987 869 2013; x_wconf 89' lang='lat' dir='ltr'>et</span> <span class='ocrx_word' id='word_1_250' title='bbox 893 1988 962 2014; x_wconf 80' lang='lat' dir='ltr'>vet.</span> <span class='ocrx_word' id='word_1_251' title='bbox 987 1982 1110 2015; x_wconf 87' lang='lat' dir='ltr'>Schol.</span> <span class='ocrx_word' id='word_1_252' title='bbox 1135 2005 1178 2011; x_wconf 92' lang='lat'>—</span> <span class='ocrx_word' id='word_1_253' title='bbox 1216 1998 1248 2017; x_wconf 73' lang='lat' dir='ltr'>v.</span> <span class='ocrx_word' id='word_1_254' title='bbox 1267 1995 1342 2020; x_wconf 83' lang='lat'>102.</span> <span class='ocrx_word' id='word_1_255' title='bbox 1367 1994 1409 2018; x_wconf 82' lang='lat' dir='ltr'>ut</span> 
     </span>
    </p>
   </div>
   <div class='ocr_carea' id='block_1_9' title="bbox 79 2024 1408 2248">
    <p class='ocr_par' dir='ltr' id='par_1_35' title="bbox 79 2024 1408 2248">
     <span class='ocr_line' id='line_1_36' title="bbox 82 2024 1403 2102; baseline 0.007 -47"><span class='ocrx_word' id='word_1_256' title='bbox 82 2025 117 2099; x_wconf 69' lang='lat' dir='ltr'>sei</span> <span class='ocrx_word' id='word_1_257' title='bbox 137 2036 199 2101; x_wconf 55' lang='grc' dir='ltr'>Ξιὲι</span> <span class='ocrx_word' id='word_1_258' title='bbox 218 2026 419 2102; x_wconf 60' lang='grc' dir='ltr'>[ἐι-οηιέιωτ</span> <span class='ocrx_word' id='word_1_259' title='bbox 443 2024 484 2077; x_wconf 59' lang='lat'>{¹⁸</span> <span class='ocrx_word' id='word_1_260' title='bbox 508 2038 558 2057; x_wconf 81' lang='lat' dir='ltr'>me</span> <span class='ocrx_word' id='word_1_261' title='bbox 582 2024 919 2101; x_wconf 50' lang='lat' dir='ltr'>PgsslltlmAaliquid,</span> <span class='ocrx_word' id='word_1_262' title='bbox 952 2039 1026 2059; x_wconf 79' lang='lat' dir='ltr'>vere</span> <span class='ocrx_word' id='word_1_263' title='bbox 1056 2032 1224 2082; x_wconf 70' lang='lat' dir='ltr'>promitto</span> <span class='ocrx_word' id='word_1_264' title='bbox 1255 2031 1283 2062; x_wconf 87' lang='lat' dir='ltr'>F</span> <span class='ocrx_word' id='word_1_265' title='bbox 1286 2042 1328 2063; x_wconf 81' lang='lat' dir='ltr'>ca</span> <span class='ocrx_word' id='word_1_266' title='bbox 1360 2041 1403 2082; x_wconf 53' lang='lat' dir='ltr'>e}</span> 
     </span>
     <span class='ocr_line' id='line_1_37' title="bbox 79 2070 1406 2152; baseline 0.005 -8"><span class='ocrx_word' id='word_1_267' title='bbox 79 2070 306 2147; x_wconf 55' lang='lat' dir='ltr'>‘Lgmbimeelt</span> <span class='ocrx_word' id='word_1_268' title='bbox 329 2071 991 2148; x_wconf 42' lang='lat' dir='ltr'>ditioflgldldid.citonati-nianilngijiit-VH.</span> <span class='ocrx_word' id='word_1_269' title='bbox 1010 2082 1133 2150; x_wconf 48' lang='grc' dir='ltr'>ἓειυοιῗ..</span> <span class='ocrx_word' id='word_1_270' title='bbox 1155 2076 1406 2152; x_wconf 39' lang='lat' dir='ltr'>gagi-&amp;tutemp-</span> 
     </span>
     <span class='ocr_line' id='line_1_38' title="bbox 86 2159 1408 2208; baseline 0.005 -20"><span class='ocrx_word' id='word_1_271' title='bbox 86 2167 119 2188; x_wconf 65' lang='grc' dir='ltr'>Ὗ.</span> <span class='ocrx_word' id='word_1_272' title='bbox 149 2159 223 2191; x_wconf 77' lang='grc'><strong>108.</strong></span> <span class='ocrx_word' id='word_1_273' title='bbox 243 2168 422 2202; x_wconf 81' lang='lat' dir='ltr'>parassem</span> <span class='ocrx_word' id='word_1_274' title='bbox 449 2159 539 2191; x_wconf 89' lang='lat' dir='ltr'>Cod.</span> <span class='ocrx_word' id='word_1_275' title='bbox 567 2159 681 2191; x_wconf 84' lang='lat' dir='ltr'>Bentl.</span> <span class='ocrx_word' id='word_1_276' title='bbox 706 2169 812 2201; x_wconf 84' lang='lat' dir='ltr'>quem</span> <span class='ocrx_word' id='word_1_277' title='bbox 836 2159 889 2190; x_wconf 69' lang='grc' dir='ltr'>(ΞΓ.</span> <span class='ocrx_word' id='word_1_278' title='bbox 914 2178 961 2184; x_wconf 96' lang='grc'><strong>-</strong></span> <span class='ocrx_word' id='word_1_279' title='bbox 983 2172 1014 2192; x_wconf 78' lang='lat' dir='ltr'>v.</span> <span class='ocrx_word' id='word_1_280' title='bbox 1043 2171 1107 2205; x_wconf 81' lang='grc'>109</span> <span class='ocrx_word' id='word_1_281' title='bbox 1125 2170 1161 2196; x_wconf 88' lang='lat' dir='ltr'>et</span> <span class='ocrx_word' id='word_1_282' title='bbox 1182 2173 1254 2198; x_wconf 85' lang='lat'><em>110.</em></span> <span class='ocrx_word' id='word_1_283' title='bbox 1283 2173 1323 2196; x_wconf 80' lang='lat' dir='ltr'>nt</span> <span class='ocrx_word' id='word_1_284' title='bbox 1343 2164 1408 2208; x_wconf 81' lang='lat' dir='ltr'>qui</span> 
     </span>
     <span class='ocr_line' id='line_1_39' title="bbox 86 2199 1402 2248; baseline 0.006 -16"><span class='ocrx_word' id='word_1_285' title='bbox 86 2199 195 2232; x_wconf 73' lang='lat' dir='ltr'>Panis</span> <span class='ocrx_word' id='word_1_286' title='bbox 220 2203 350 2246; x_wconf 82' lang='lat' dir='ltr'>inops?</span> <span class='ocrx_word' id='word_1_287' title='bbox 372 2204 449 2239; x_wconf 80' lang='lat' dir='ltr'>vel:</span> <span class='ocrx_word' id='word_1_288' title='bbox 472 2204 597 2243; x_wconf 77' lang='lat' dir='ltr'>Fam-is</span> <span class='ocrx_word' id='word_1_289' title='bbox 621 2205 722 2248; x_wconf 77' lang='lat' dir='ltr'>inops</span> <span class='ocrx_word' id='word_1_290' title='bbox 747 2204 841 2236; x_wconf 88' lang='lat' dir='ltr'>coni.</span> <span class='ocrx_word' id='word_1_291' title='bbox 866 2203 980 2237; x_wconf 87' lang='lat' dir='ltr'>Bentl.</span> <span class='ocrx_word' id='word_1_292' title='bbox 996 2205 1050 2238; x_wconf 80' lang='lat' dir='ltr'>Cf.</span> <span class='ocrx_word' id='word_1_293' title='bbox 1065 2207 1190 2240; x_wconf 82' lang='lat' dir='ltr'>Heiud.</span> <span class='ocrx_word' id='word_1_294' title='bbox 1212 2227 1255 2233; x_wconf 97' lang='lat'><strong>—</strong></span> <span class='ocrx_word' id='word_1_295' title='bbox 1281 2221 1310 2240; x_wconf 84' lang='lat' dir='ltr'>v.</span> <span class='ocrx_word' id='word_1_296' title='bbox 1330 2218 1402 2240; x_wconf 79' lang='lat'>112.</span> 
     </span>
    </p>
   </div>
   <div class='ocr_carea' id='block_1_10' title="bbox 129 2254 1134 2297">
    <p class='ocr_par' dir='ltr' id='par_1_36' title="bbox 129 2254 1134 2297">
     <span class='ocr_line' id='line_1_40' title="bbox 129 2254 1134 2297; baseline 0.005 -12"><span class='ocrx_word' id='word_1_297' title='bbox 129 2254 250 2288; x_wconf 78' lang='lat' dir='ltr'>Horat.</span> <span class='ocrx_word' id='word_1_298' title='bbox 276 2256 320 2287; x_wconf 91' lang='lat'>11.</span> <span class='ocrx_word' id='word_1_299' title='bbox 1108 2258 1134 2297; x_wconf 72' lang='grc'><strong>4</strong></span> 
     </span>
    </p>
   </div>
  </div>
 </body>
</html>
