1526 2404
158 196 171 218 ι
186 174 232 220 '1'ss
346 226 348 228 r
603 193 642 232 Q·
674 193 855 219 uonxrn
884 193 1039 220 Franci

153 286 348 326 Obsecro
378 295 421 326 et
449 285 664 337 obtestor,
693 284 804 324 vitae
831 299 900 326 me
925 284 1060 338 redde
1086 286 1230 339 priori.
1417 289 1470 344 95

154 339 240 395 Qui
269 340 397 378 semel
429 339 642 393 adspexit,
673 347 871 395 quantum
902 338 1067 378 dimissa
1091 341 1232 394 petitis
1311 344 1317 348 ”

151 394 396 443 Praestent,
423 402 588 432 mature
621 396 770 432 redeat
795 399 1044 447 repetatque
1070 393 1233 432 relicta.

152 446 293 486 Metiri
319 459 366 486 se
394 460 606 503 quemque
634 459 711 486 suo
732 446 906 485 modulo
935 458 983 485 ac
1008 445 1120 499 pede
1148 456 1391 499 verumvest.

639 653 851 682 EPISTOLA
882 641 989 684 vm.

420 730 501 771 AD
537 730 761 771 CELSUM
787 730 1212 774 ALBINOVANUM.

221 829 419 864 Certiorem
450 831 535 863 facit
568 830 708 863 Celsum
740 828 997 862 Albinovanum
1027 830 1215 864 comitibus
1241 829 1374 863 Tiberii
1408 830 1470 863 ad-

152 876 326 920 scriptum
353 875 423 920 (Cf.
441 877 551 920 Epist.
574 876 608 915 I,
634 875 707 919 3.),
733 874 913 917 quomodo
932 887 969 909 se
991 875 1140 917 habeat,
1165 881 1200 908 et
1223 875 1371 908 invicem
1385 875 1471 919 quid

151 924 227 965 ipse
247 927 323 965 agat
346 933 387 954 ex
414 932 456 954 eo
479 921 635 964 quaerit3
662 925 879 965 postremum
897 932 966 964 qua
985 921 1123 954 ratione
1141 932 1179 953 se
1202 930 1325 963 gerere
1345 919 1472 954 debeat

150 967 249 999 brevi
276 967 518 999 admonitione
541 965 723 1009 significat.

153 1057 278 1096 Celso
308 1056 495 1110 gaudere
525 1064 567 1095 et
594 1055 703 1094 bene
729 1068 821 1094 rem
852 1068 1004 1108 gerere
1031 1055 1317 1107 Albinovano,

151 1111 268 1148 Musa
296 1118 448 1163 rogata
472 1109 615 1158 refer,
645 1108 786 1148 comiti
812 1108 1059 1163 scribaeque
1085 1110 1276 1149 Neronis.

152 1163 197 1200 Si
227 1171 403 1216 quaeret
422 1163 522 1216 quid
542 1176 683 1215 agam,
707 1161 796 1210 dic,
823 1161 952 1200 multa
974 1170 1016 1200 et
1041 1162 1218 1214 pulchra
1244 1162 1469 1200 minantem

150 1215 311 1254 Vivere
338 1229 416 1254 nec
447 1223 564 1254 recte
594 1227 671 1252 nec
699 1214 907 1263 suaviter3
935 1214 1047 1252 haud
1069 1215 1164 1268 quia
1184 1213 1344 1268 grando

154 1268 417 1307 Contuderit
435 1268 562 1316 vites,
594 1267 783 1305 oleamve
812 1266 1088 1306 momorderit
1117 1275 1278 1316 aestus,
1444 1267 1470 1307 5

149 1323 238 1360 Nec
267 1321 362 1376 quia
390 1319 626 1375 longinquis
657 1326 887 1358 armentum
916 1328 1110 1371 aegrotet
1136 1319 1177 1358 in
1208 1319 1341 1373 agris,

152 1375 238 1413 Sed
267 1375 363 1429 quia
389 1382 529 1412 mente
557 1373 690 1411 minus
720 1371 880 1410 validus
908 1385 1030 1425 quam
1059 1386 1240 1426 corpore
1272 1381 1362 1414 toto

151 1428 219 1467 Nil
253 1427 396 1466 audire
425 1427 574 1476 velim,
602 1425 658 1464 nil
686 1424 871 1473 discere,
900 1425 1013 1479 quod
1042 1425 1158 1465 levet
1185 1439 1383 1480 aegrum,

150 1480 268 1520 Fidis
297 1479 492 1519 offendar
516 1477 712 1526 medicis,
741 1478 896 1517 irascar
926 1478 1090 1528 amicis,

153 1534 243 1572 Cur
270 1547 337 1572 me
367 1533 536 1572 funesto
569 1539 801 1585 properent
833 1544 978 1570 arcere
1008 1540 1183 1573 veterno
1194 1547 1206 1584 3
1365 1547 1368 1548 ⁷
1423 1547 1469 1573 ιο

155 1587 275 1647 Quae
301 1599 486 1626 nocuere
513 1599 687 1640 sequar,
714 1583 873 1638 fugiam
905 1598 1011 1638 quae
1044 1585 1443 1639 prol'ore'credam,

148 1641 313 1679 Romae
336 1639 478 1678 'Tibur
506 1653 660 1688 amem,
688 1646 887 1676 ventosus
917 1638 1074 1677 'l'ibure
1102 1640 1292 1680 Romam.

149 1694 255 1732 Post
283 1692 409 1741 haec,
438 1701 486 1731 ut
512 1693 669 1741 valcat,
699 1705 783 1744 quo
807 1698 931 1744 pacto
960 1694 1051 1730 rem
1078 1700 1196 1746 gerat
1225 1702 1268 1733 et
1295 1707 1364 1746 se,

150 1747 208 1784 Ut
266 1746 399 1785 laceat
425 1746 591 1796 iuveni,
613 1752 887 1798 percontare,
918 1752 1052 1800 utque
1080 1746 1257 1786 cohorti.

150 1799 196 1838 Si
224 1761 356 1849 (licet,
385 1800 539 1838 Recte:
568 1802 749 1852 primum
778 1797 989 1859 gaudere,
1018 1797 1195 1838 subinde
1278 1842 1280 1845 y
1420 1798 1468 1840 15

150 1853 431 1905 Praeceptum
460 1853 653 1891 auriculis
680 1852 762 1890 hoc
789 1850 991 1890 mstillare
1017 1859 1255 1891 memento:
1309 1865 1315 1870 ·

149 1905 207 1945 Ut
233 1913 282 1945 tu
309 1907 548 1957 fortunam,
577 1906 635 1945 sic
662 1918 740 1944 nos
766 1912 833 1956 te,
863 1903 1011 1956 Celse,
1038 1904 1238 1945 feremus.

149 2091 195 2100 -
217 2084 254 2105 v.
277 2074 334 2115 96.
362 2073 468 2105 semel
489 2073 639 2106 restituit
656 2075 766 2107 Bentl.
786 2085 804 2107 e
822 2072 937 2106 Codd.
960 2074 1114 2117 aliquot3
1142 2073 1225 2106 olim
1239 2073 1327 2115 vulg.
1349 2072 1464 2104 simul.

216 2134 316 2175 VIII,
342 2146 376 2166 v.
400 2135 432 2167 5.
469 2134 649 2179 oleamque
674 2148 692 2168 a
718 2136 878 2169 Bentlcio
905 2147 923 2168 e
946 2133 1035 2167 Cod.
1059 2133 1095 2164 in
1120 2132 1271 2164 oleumve
1295 2138 1464 2164 mutatum

151 2177 269 2212 denuo
294 2185 414 2211 tuetur
436 2179 532 2210 Inlin.
560 2191 662 2222 quem
691 2181 744 2212 Cs.
767 2185 812 2204 '—
847 2191 886 2212 v.
915 2190 964 2212 12.
989 2184 1167 2210 venturus
1191 2175 1324 2210 Tibure
1345 2178 1465 2222 plures

160 2223 276 2257 Codd.
303 2224 447 2268 Cruquii
461 2249 472 2266 ,
496 2226 666 2267 Bentleii,
690 2227 792 2259 Feae.
815 2225 895 2257 vid.
918 2225 1028 2257 Bentl.
1047 2228 1081 2256 et
1098 2222 1195 2255 Iahn.
