1526 2404
107 119 161 157 28
562 132 600 170 Q,
631 131 814 156 HonA'ru
843 129 999 157 FLACC!

156 220 406 270 Desectam,
437 228 480 259 et
506 221 636 260 insani
668 222 803 262 leonis
1399 221 1446 262 15

209 273 306 314 Vim
336 273 555 312 stomacho
584 274 831 329 apposuisse
875 282 1036 315 nostro.

105 339 196 377 Irae
226 336 439 388 Thyesten
469 336 596 375 exitio
626 338 744 391 gravi

107 391 332 439 Sti-avere,
363 397 405 427 et
434 389 526 428 altis
555 390 731 430 urbibus
764 391 939 443 ultimae

158 443 328 482 Stetere
364 454 537 491 causae,
566 455 642 481 cur
670 444 863 498 perirent
988 488 996 492 ,

212 494 444 544 Funditus,
471 494 822 551 imprimeretque
862 496 994 535 muris
1396 506 1447 534 20
1500 531 1506 535 .

108 560 275 599 Hostile
304 569 490 599 aratrum
523 564 733 603 exercitus
769 565 967 603 insolens.

109 615 346 665 Compesce
374 623 582 653 mentem:
611 630 680 655 me
709 631 879 671 quoque
916 615 1106 668 pectoris

160 665 357 704 Tentavit
384 665 426 705 in
453 666 566 705 dulci
603 669 775 709 iuventa

214 718 402 767 Fewor,
434 727 477 758 et
504 719 546 758 in
573 721 738 761 celeres
776 721 938 760 iambos

107 784 218 823 Misit
248 784 464 824 furentem
474 801 486 836 3
515 801 625 827 nunc
656 802 679 827 e
712 803 737 828 o
766 789 936 828 mitibus
1395 798 1447 827 20

105 837 274 876 Mutare
304 851 463 891 quaero
495 839 652 890 tristia,
712 856 783 881 um
812 840 915 880 mihi
1033 850 1037 855 '
1398 854 1407 862 “

158 889 254 928 Fias
283 892 506 931 recantatis
548 893 678 931 amica

214 941 470 995 Opprobriis
487 974 498 994 ,
528 946 797 1001 animumque
826 946 996 986 reddas.

595 1081 786 1121 CARMEN
816 1082 946 1124 XVII.

469 1165 558 1205 AD
595 1168 1067 1208 TYNDARIDEM.

107 1295 129 1328 d
173 1252 300 1328 1¹¹3th
333 1263 411 1285 eam
440 1254 486 1286 ad
512 1255 629 1287 villam
654 1266 752 1288 suam
778 1258 813 1288 in
848 1258 1008 1306 Sabinis7
1045 1269 1151 1301 quam
1184 1257 1444 1300 elegantissime

133 1302 289 1329 esci-int.

541 1359 547 1363 ·
574 1344 727 1375 ,Metram
756 1344 944 1378 Aleaicum.

106 1420 247 1460 Velox
276 1433 499 1459 amoenum
528 1435 655 1475 saepe
685 1423 945 1463 Lucretilem

70 1511 74 1514 ,
106 1474 240 1511 Mutat
269 1474 434 1524 Lycaeo
465 1475 659 1523 Faunus⁷
691 1482 733 1513 et
758 1475 924 1527 igneam

159 1525 367 1564 Defendit
394 1534 598 1565 aestatem
627 1527 799 1579 capellis
1001 1571 1005 1575 ⁴

212 1578 355 1632 Usque
385 1579 488 1617 meis
512 1579 766 1633 pluviosque
800 1588 961 1620 ventos.

106 1643 279 1694 Impune
308 1651 445 1682 tutum
483 1658 563 1697 per
602 1659 748 1684 nemus
790 1646 963 1686 arbutos
1419 1646 1445 1685 5

107 1695 329 1754 Quaerunt
350 1696 529 1735 latentes
561 1706 603 1736 et
630 1698 770 1749 thyma
811 1699 960 1740 deviae

159 1747 324 1786 Olentis
362 1762 516 1787 uxores
559 1750 719 1800 mariti3

212 1801 301 1839 Nec
331 1801 486 1840 virides
517 1811 708 1841 metuunt
745 1803 962 1855 colubras,

106 1866 193 1904 Nec
222 1866 432 1907 martiales
462 1869 696 1910 haedulcae
732 1871 870 1923 lupos.

107 1919 329 1972 Utcunque
361 1920 497 1971 dulci,
527 1923 732 1974 Tyndari,
759 1924 898 1965 fistula
1327 1971 1330 1974 ,
1396 1940 1442 1965 ιο

177 2058 299 2098 XVII,
324 2069 358 2093 v.
377 2060 407 2093 5.
436 2068 547 2092 totum
568 2058 680 2095 Bent'l.
706 2076 724 2095 c
741 2062 859 2097 Codd.
886 2066 1094 2108 quibusdam
1119 2061 1241 2098 Lami».
1270 2065 1339 2097 Sed
1357 2067 1436 2098 vid.

107 2102 207 2134 Jahn.
232 2121 276 2127 ———
300 2114 334 2134 v·
355 2114 388 2146 9.
416 2103 534 2137 codd.
562 2106 708 2140 lzocclilia
735 2111 790 2142 vel
815 2109 993 2144 haediliae.
1019 2111 1228 2143 Emendavit
1250 2109 1439 2143 luteduleac

107 2147 220 2180 Bentl.
246 2158 351 2191 quem
378 2150 455 2182 Vid.
