1526 2404
110 167 166 217 48
567 177 606 218 ρ.
634 174 820 203 nonam
845 174 1002 203 rucei

117 272 390 322 Versiculos,
418 270 554 311 vetuit
580 270 665 310 tale
693 283 762 310 me
790 267 899 310 voce
929 269 1153 331 Quin-inm,

110 329 218 367 Post
246 326 426 365 mediam
453 332 622 363 noctem
651 324 788 374 visus,
818 327 947 378 quum
975 322 1135 363 somnia
1162 334 1287 362 vera:

112 382 158 420 In
187 380 332 419 silvam
359 392 444 417 non
471 378 583 431 ligna
611 377 724 417 feras
752 377 957 427 insanius,
987 390 1034 416 ac
1062 375 1097 415 si

113 436 283 486 Magnas
315 434 577 483 Graecorum
607 431 723 469 malis
751 430 931 483 implere
957 438 1161 470 caterva&
1394 426 1449 468 35

115 486 328 540 'surgidus
360 485 537 538 Alpinus
565 484 727 537 iugulat
754 483 854 522 dum
883 485 1128 532 Memnona,
1155 481 1341 537 dumque

111 539 303 594 Delingit
329 538 469 578 Rheni
499 538 659 576 luteum
690 545 837 590 caput:
866 536 970 576 haec
999 549 1080 591 ego
1109 535 1234 587 ludo,

116 594 239 649 Quae
271 605 409 646 neque
438 592 480 630 in
509 591 614 630 aede
643 598 796 629 sonent
825 590 1026 629 certantia
1053 588 1193 627 iudice
1223 590 1385 640 Tarpa,

111 649 201 685 Nec
229 646 406 685 redeant
433 645 589 684 iterum
618 652 744 698 atque
773 644 926 682 iterum
955 641 1183 696 spectanda
1213 640 1403 681 theatris.

112 701 278 754 Arguta
306 699 532 738 meretrice
567 705 714 750 potes,
743 698 951 751 Dasioque
983 696 1210 735 Chremeta
1395 699 1448 743 4ο

113 753 328 792 Eludente
363 765 530 798 senem,
559 750 688 790 comis
718 750 881 803 garrire
910 748 1098 799 libellos,

112 807 228 845 Unus
260 806 475 853 vivorum,
506 803 720 843 Fundani:
753 804 892 843 Pollio
923 817 1075 856 regum

112 859 242 898 Facta
270 859 378 898 canit
405 858 516 911 pede
545 866 613 896 ter
640 870 865 909 percusso:
893 856 1012 895 forte
1042 863 1147 908 epos
1177 867 1298 907 acer,

113 913 170 951 Ut
199 926 348 961 nemo,
379 911 530 952 Varius
561 911 696 949 ducit:
726 910 855 949 molle
887 918 1012 964 atque
1041 909 1231 948 facetum

115 965 297 1019 Yirgilio
329 972 563 1004 annuerunt
591 964 824 1016 gaudentes
846 976 948 1002 rure
978 963 1200 1002 Camenae.
1397 961 1451 1009 45

113 1019 210 1057 Hoc
241 1026 353 1067 erat,
383 1025 559 1070 experto
589 1018 748 1056 frustra
774 1018 968 1057 Varrone
997 1015 1173 1054 Atacino

114 1071 257 1125 Atque
277 1072 527 1126 quibusdam
547 1070 634 1109 aliis
649 1100 659 1119 ,
688 1070 837 1109 melius
859 1069 974 1123 quod
995 1068 1182 1108 scribere
1200 1081 1396 1121 possem,

113 1125 340 1163 Inventore
361 1124 521 1173 minor;
551 1136 689 1176 neque
714 1136 795 1176 ego
817 1123 876 1161 illi
897 1122 1123 1161 detrahere
1144 1122 1275 1160 ausim

113 1179 372 1216 Haerentem
402 1176 529 1228 capiti
557 1188 652 1213 cum
682 1176 811 1214 multa
840 1175 965 1213 laude
998 1188 1210 1213 coronam.

113 1231 172 1269 At
201 1229 285 1268 dixi
312 1227 449 1268 fluere
477 1228 588 1266 hunc
617 1228 894 1276 lutulentum,
924 1241 1049 1280 saepe
1079 1227 1291 1266 ferentem
1399 1226 1451 1267 50

113 1283 245 1322 Plura
274 1282 446 1336 quidem
477 1280 666 1320 tollenda
696 1280 997 1334 relinquendis.
1031 1280 1147 1333 Age,
1175 1293 1359 1334 quaeso,

117 1338 184 1374 Tu
212 1335 312 1374 nihil
341 1335 382 1373 in
409 1347 561 1387 magno
592 1334 742 1372 doctus
771 1333 992 1385 reprendis
1022 1331 1246 1372 Homero?

115 1389 183 1428 Nil
212 1389 349 1433 comis¹
370 1388 520 1441 tragici
548 1395 681 1425 mutat
709 1386 895 1436 Lucilius
929 1385 1051 1425 Atti?
1258 1391 1265 1393 ⁴

115 1443 209 1480 Non
238 1442 350 1480 ridet
381 1454 530 1479 versus
562 1441 673 1478 Enni
703 1440 909 1492 gravitate
940 1438 1156 1479 minores?

117 1494 261 1546 Quum
298 1494 351 1533 dc
382 1507 426 1532 se
455 1492 667 1546 loquitur,
697 1506 779 1530 non
807 1501 855 1531 ut
882 1492 1044 1541 maiore
1073 1492 1316 1546 reprensis?
1399 1493 1452 1534 55

116 1548 233 1606 Quid
260 1555 377 1587 vetat
406 1553 448 1584 et
476 1553 641 1584 nosmet
670 1545 806 1583 Lucili
834 1545 988 1598 scripta
1015 1546 1207 1599 legentes

117 1605 361 1657 Quaerere,
391 1613 490 1637 num
519 1598 651 1647 illius,
681 1613 780 1636 num
808 1612 952 1637 rerum
984 1598 1089 1637 dura
1118 1600 1285 1653 negarit

115 1654 362 1704 Versiculos
393 1660 539 1690 natura
567 1651 698 1704 magis
729 1651 865 1690 factos
901 1659 943 1690 et
973 1659 1120 1691 euntes

115 1707 313 1754 Mollius,
342 1718 388 1744 ac
417 1704 451 1743 si
481 1704 572 1758 quis
602 1703 782 1757 pedibus
813 1703 914 1758 quid
944 1705 1144 1753 claudere
1174 1703 1310 1754 senis,

116 1763 213 1799 Hoc
242 1767 401 1797 tantum
432 1765 679 1806 contentus,
709 1765 819 1797 amet
846 1756 1063 1808 scripsisse
1094 1758 1299 1796 ducentos
1399 1755 1452 1798 60

119 1814 231 1853 Ante
263 1811 403 1850 cibum
432 1824 602 1858 versus,
630 1810 807 1849 totidem
837 1810 1066 1850 coenatus?
1108 1811 1279 1850 Etrusci
1306 1838 1308 1841 -

119 1865 257 1924 Quale
286 1864 367 1903 suit
398 1864 514 1901 Cassi
546 1864 693 1916 rapido
724 1863 958 1902 ferventius
989 1864 1097 1902 amni
1125 1863 1130 1868 ’
1337 1861 1344 1866 ’

117 1918 360 1971 Ingenium,
393 1916 525 1968 capsis
555 1930 680 1970 quem
708 1915 818 1954 fama
849 1924 911 1954 est
941 1930 1033 1955 esse
1062 1915 1264 1970 librisque

117 1970 373 2011 Ambustum
402 1969 600 2023 propriis.
629 1969 778 2008 Fuerit
805 1967 1015 2020 Lucilius,
1043 1970 1237 2023 iuquam,

118 2139 163 2147 .-
187 2130 223 2151 v.
246 2122 301 2162 37.
327 2118 443 2151 Codd.
467 2119 583 2152 varie:
609 2117 780 2165 delingit,
805 2117 977 2163 diffingit,
1004 2117 1148 2164 defigit,
1173 2117 1340 2164 depingit.
1365 2118 1449 2153 vid.

120 2165 232 2197 Bentl.
260 2170 293 2196 et
320 2164 443 2195 Heind.
468 2182 513 2188 -—
537 2176 572 2196 v.
590 2163 644 2206 49.
670 2175 747 2196 cum
772 2165 883 2196 multa
907 2165 1018 2197 Bentl.
1034 2175 1052 2196 e
1073 2164 1187 2198 Codd.
1207 2169 1242 2197 et
1257 2170 1338 2198 vett.
1358 2164 1449 2198 Edd.

121 2220 228 2253 quem
250 2207 303 2243 Cf.
327 2209 398 2241 Alii
416 2209 530 2242 multa
549 2221 640 2243 cum..
665 2209 719 2242 Cs-
738 2208 839 2242 Both.
862 2208 1042 2242 Annotatt.
