1526 2404
143 148 213 186 170
590 150 630 188 Q·
661 151 846 178 uonA'rn
874 151 1031 178 FLAccl

136 241 215 289 Di,
243 240 403 295 probos
430 255 572 282 mores
599 241 726 284 docili
750 244 968 298 iuventae,
1013 269 1021 279 ι

136 294 216 342 Di,
246 296 454 335 senectuti
483 296 671 349 placidae
699 298 908 353 quietem,

136 348 343 389 Romulae
372 349 487 403 genti
519 349 614 389 date
643 364 820 407 remque
846 352 1098 409 prolemque
1152 389 1157 392 .

399 403 457 442 Et
486 403 614 443 decus
643 418 780 446 omne.

137 476 345 538 Quaeque
372 493 449 520 vos
474 479 611 520 bobus
641 490 867 522 veneratur
894 480 1034 532 albis„

138 535 286 574 Clarus
319 533 526 574 Anchisae
554 535 817 590 Venerisque
846 534 1037 589 sanguis,

136 589 362 641 Impetret,
388 587 570 628 bellante
597 589 740 642 prior,
766 589 975 630 iacentem

400 642 526 681 Lenis
554 641 595 681 in
623 642 802 682 hostem.

135 719 219 757 Iam
248 717 352 756 mari
377 725 578 772 terraque
604 732 749 757 manus
775 725 975 771 potentes

134 772 283 810 'Medus
309 771 574 826 Albanasque
600 771 721 811 timet
747 777 939 811 secures:

134 826 217 864 Iam
245 824 424 878 Scythae
453 837 655 878 responsa
683 832 854 879 petunt,
883 823 1056 879 superbi

398 879 566 931 Nuper,
591 886 634 918 et
660 878 763 918 Indi.

135 956 219 994 lam
247 954 400 1005 Fides,
430 963 473 994 et
499 956 610 1005 Pax,
639 962 682 994 et
708 955 881 1004 Honor,
910 955 1143 1010 Pudorque

135 1009 328 1059 Priscus,
359 1016 402 1048 et
432 1009 627 1062 neglecta
654 1007 797 1047 redire
826 1008 972 1049 Virtus

135 1062 301 1112 Audet,
331 1070 590 1116 apparetque
618 1061 741 1101 beata
770 1060 897 1114 pleno

403 1115 535 1167 Copia
563 1128 706 1154 cornu.

135 1189 285 1243 Augur
314 1196 356 1227 et
384 1188 576 1243 fulgente
605 1190 786 1229 decorus
814 1203 914 1229 arcu

136 1242 359 1291 Phoebus,
388 1251 671 1297 acceptusque
699 1256 855 1282 novem
885 1241 1098 1292 Camenis,

137 1296 223 1358 Qui
252 1296 422 1335 salutari
449 1296 562 1336 levat
590 1303 680 1334 arte
709 1294 846 1334 fessos

401 1349 602 1403 Corporis
629 1356 765 1398 artus,

137 1426 181 1465 Si
207 1426 413 1464 Palatinas
443 1423 560 1463 videt
589 1437 747 1479 aequus
776 1437 937 1475 arces,.

135 1481 329 1534 Remque
359 1480 611 1528 Romanam,
639 1477 890 1532 Latiumque
913 1475 1016 1515 felix

135 1533 329 1572 Alterum
356 1532 398 1571 in
429 1531 605 1570 lustrum
634 1531 869 1585 meliusque
898 1543 1067 1582 semper

398 1585 614 1638 Proroget
642 1598 792 1624 aevum
802 1599 814 1635 3

136 1660 346 1779 &uaeque
373 1660 627 1700 Aventinum
655 1668 772 1700 tenet
800 1660 1108 1716 Algidumque,

179 1714 387 1755 uindecim
416 1713 547 1754 Diana
574 1728 724 1768 preces
754 1714 943 1754 virorum

1410 1706 1462 1765 770

136 1910 181 1917 —-
203 1902 241 1923 v.
267 1888 322 1933 45.
348 1888 404 1931 46.
428 1889 547 1922 docilis
574 1915 584 1925 .
613 1915 623 1923 .
652 1916 662 1924 .
701 1891 886 1925 senectutis
914 1889 1031 1924 Bentl.
1054 1898 1098 1920 ex
1123 1884 1245 1922 Codd.
1276 1883 1460 1931 placidam

137 1934 257 1969 Codd.
284 1936 421 1978 aliquot
444 1934 500 1968 Cf.
528 1936 642 1970 Bentl.
666 1957 709 1962 —
735 1950 764 1971 ν.
791 1937 846 1979 49.
883 1936 935 1967 Ita
964 1936 1086 1967 locum
1108 1931 1227 1970 dedit
1258 1931 1374 1974 Benxtl.
1415 1943 1459 1964 ex

135 1982 299 2026 phuribus
322 1982 522 2024 potioribus
549 1979 672 2016 Codd.
696 1989 732 2016 et
756 1982 995 2016 vetustissimis
1020 1976 1114 2012 Edd.
1136 1979 1241 2013 Multi
1263 1978 1321 2009 alii
1338 1975 1459 2011 Codd.

137 2033 172 2060 et
198 2027 391 2070 pleraeque
416 2025 509 2062 Edd,
537 2029 677 2072 (mique
702 2052 711 2059 .
737 2053 746 2062 .
771 2052 781 2062 .
803 2028 959 2071 imperet.
985 2022 1078 2057 vid:
1094 2023 1216 2056 Bentl.
1234 2022 1320 2063 Fen,
1344 2021 1458 2057 Both.

135 2073 322 2105 Annotatt.
348 2090 391 2096 -—
417 2084 447 2106 ν,
473 2073 529 2105 65.
557 2084 654 2104 arces
678 2074 872 2118 pleraeque
897 2069 990 2103 Edd.
1013 2068 1077 2102 sed
1101 2069 1204 2101 multi
1218 2066 1336 2101 Codd.
1361 2079 1458 2109 arus,

138 2115 238 2161 quod
263 2118 436 2160 praetulit
459 2117 555 2158 Fen,
583 2129 687 2161 quem
713 2119 757 2152 V.
784 2118 873 2150 coll.
898 2115 1024 2149 Bentl.
1050 2133 1092 2140 —-
1117 2125 1147 2147 ν.
1171 2113 1230 2148 66.
1254 2112 1460 2145 Romanam

138 2163 343 2207 Latiamque
369 2163 462 2195 coni.
480 2162 602 2198 Bentl.
624 2182 669 2188 —
691 2176 721 2196 v.
738 2165 795 2197 68.
822 2162 996 2203 Prot-eget
1010 2164 1050 2193 ut
1063 2170 1146 2191 mox
1162 2167 1262 2191 curet
1274 2183 1284 2192 .
1297 2182 1307 2192 .
1320 2183 1330 2192 .
1346 2156 1457 2204 appli-

138 2216 191 2241 cet
207 2208 402 2253 pleraeque
418 2206 511 2243 Edd.
528 2207 601 2242 Sed
615 2209 731 2245 Bentl.
753 2219 795 2242 ex
811 2207 973 2252 pluribus
991 2203 1113 2243 codd,
1135 2204 1260 2248 quibus
1278 2203 1460 2238 accedunt
