1526 2404
119 131 168 175 33
565 141 606 180 Q.
634 139 816 166 notu-ru
845 137 1000 165 ELAccl

174 235 339 298 Quanta
365 232 584 274 laborabas
614 232 824 286 Charybdi
834 262 846 283 ‚

224 289 363 343 Digne
390 301 499 342 puer
523 286 701 326 meliore
742 284 928 326 flamma!
1391 295 1444 324 20

122 359 244 453 quae
271 371 391 412 saga,
420 354 511 417 quis
537 361 580 394 te
608 354 778 414 solvere
816 342 1025 396 Thessalis

124 417 146 453 t
168 426 270 466 agus
300 423 492 458 veneum,
518 408 611 462 quis
627 461 635 469 .
655 414 799 471 ,οἴειζιῒ
827 406 980 446 Deus?

175 466 255 508 Vix
280 465 486 518 illigatum
511 470 555 501 te
582 469 637 500 tm
660 475 767 500 ormi

227 519 414 572 Pegasus
446 514 642 569 expediet
667 514 898 556 Chimaera.

584 643 772 682 CARMEN
802 643 990 685 XXVIII.

467 731 773 772 ARCHYTAS
802 733 878 771 ET
905 732 1111 774 NAUTA.

189 827 289 858 Inter
313 823 487 867 Archytae
512 824 673 855 umbram
699 827 735 855 et
759 820 901 855 nautam·
935 823 1184 867 dialogismus,
1219 829 1291 863 quo
1315 819 1448 851 vanitas

123 872 324 905 studiorum
351 869 584 901 humanorum
607 873 735 901 contra
755 868 935 901 fortunam
958 875 995 902 et
1017 875 1171 902 mortem
1187 863 1415 908 fignificatur·

607 957 763 992 Metram
790 959 907 992 Carm.
933 970 964 1003 7.

690 1035 869 1073 Nauta.

124 1107 186 1144 Te
214 1104 338 1143 maris
367 1110 410 1141 et
436 1109 577 1141 terrae
605 1115 869 1156 numeroque
895 1104 1072 1143 carentis
1100 1115 1253 1143 arenae

179 1159 417 1196 Mensorem
446 1154 668 1205 cohibent,
696 1155 903 1207 Archyta,

125 1210 318 1250 Pulveris
343 1207 482 1261 exigui
508 1222 587 1260 pro
622 1221 645 1247 e
673 1207 769 1246 litus
797 1223 927 1261 parva
953 1210 1154 1248 Matinum

178 1265 374 1312 Munera,
402 1267 481 1299 neo
538 1223 735 1315 uniquam
761 1261 837 1300 tibi
864 1263 1040 1315 prodest

125 1317 272 1357 Aerias
297 1324 481 1356 tentasse
545 1328 683 1364 omos,
715 1315 937 1370 animoque
964 1315 1192 1356 rotundum
1421 1315 1449 1355 5

179 1369 449 1410 Pomm-risse
476 1367 645 1420 polum,
672 1368 891 1407 morituro.

532 1435 799 1488 Archytae
832 1438 1028 1477 umbra.

128 1501 298 1543 Occidit
326 1508 368 1540 et
395 1502 567 1556 Pelopis
598 1501 786 1555 genitor,
815 1502 991 1542 conviva
1016 1503 1230 1555 Deorum,

182 1554 471 1609 Tithonusque
497 1564 684 1595 remotus
714 1555 754 1593 in
782 1569 926 1606 auras,

125 1611 181 1648 Et
209 1607 317 1647 lovis
348 1609 504 1647 areanis
533 1609 666 1647 Minos
689 1608 911 1655 admissus,
937 1608 1178 1664 habentque

181 1664 357 1700 Tartara
382 1662 666 1710 Panthoiden,
693 1662 845 1701 iterum
876 1663 993 1702 Orco
1409 1675 1455 1701 ιο

127 1714 394 1765 Demissum3
423 1715 610 1770 quamvis
640 1715 788 1767 clypeo
818 1716 998 1756 Troiana
1025 1715 1161 1756 refixo

183 1770 395 1820 Tempora
422 1777 619 1818 testatus,
647 1768 748 1806 nihil
775 1768 887 1807 ultra

126 1822 291 1860 Nervos
322 1829 446 1875 atque
475 1831 613 1861 cutem
641 1821 767 1860 Morti
795 1831 1059 1862 concesserat
1087 1830 1224 1875 atrae3

180 1874 322 1913 Iudice
350 1882 393 1913 te
422 1888 505 1914 non
532 1874 725 1914 sordidus
755 1883 902 1914 auctor

129 1929 311 1967 Naturae
341 1929 528 1983 verique.
577 1927 663 1967 Sed
692 1942 836 1967 omnes
864 1943 945 1968 una
971 1937 1111 1968 manet
1135 1941 1241 1980 nox,
1407 1927 1454 1968 15

181 1982 238 2021 Et
266 1980 460 2021 calcanda
488 1982 619 2021 semel
648 1981 714 2022 via
744 1981 829 2020 leti.
1303 1985 1306 1987 ’

198 2145 235 2166 v.
263 2143 314 2175 19.
345 2132 486 2165 laboras
512 2131 629 2166 codd.
655 2130 776 2166 Bentl.
802 2135 859 2166 alii
886 2139 923 2167 et
947 2132 1037 2165 Edd.
1062 2133 1220 2176 primae;
1251 2129 1393 2163 laboras
1417 2131 1456 2162 in

133 2178 221 2211 Edd.
247 2178 337 2212 Ven.
362 2178 521 2212 Lambin.
546 2177 666 2212 Bentl.
693 2190 798 2223 quem
822 2180 903 2214 Vid.
929 2183 965 2212 et
988 2178 1155 2220 Doering.
