1526 2404
131 163 183 221 96
578 176 621 216 ρ.
650 173 833 201 nonam
855 173 1009 200 nacci

186 278 288 318 Cras
316 273 540 314 donaberis
567 272 729 321 haedo,

241 327 321 368 Cui
345 326 463 367 frons
492 326 662 381 turgida
681 324 886 366 ,cornibus

130 406 281 447 Primis
312 413 356 445 et
386 405 603 446 Venerem
631 411 676 443 et
732 402 866 442 roelia
905 402 1083 443 destinat
1429 402 1457 442 5

130 461 324 500 Frustra:
352 472 448 497 nam
473 457 634 513 gelidos
666 457 707 496 in
739 456 823 497 ciet
848 455 926 496 tibi
1064 466 1068 469 “

111 515 125 519 ”
182 512 332 553 Rubro
367 513 567 566 sanguine
601 510 718 551 rivos

235 565 401 606 Lascivi
431 564 602 605 suboles
639 565 794 620 gregis.

133 645 198 683 Te
226 641 439 696 flagrantis
467 649 589 681 atrox
613 639 720 679 hora
746 638 969 682 Caniculae

131 695 276 738 Nescit
302 704 498 749 tangere3
526 702 574 734 tu
602 692 738 748 frigus
777 691 953 735 amabile
1416 708 1463 734 ιο

186 748 327 789 Fessis
356 761 532 789 vomere
559 747 689 788 tauris

238 801 448 852 Praebes,
477 810 520 842 et
546 800 694 855 pecori
720 812 842 854 vago.

134 880 234 920 Fies
263 878 465 918 nobilium
493 884 542 916 tu
567 889 738 931 quoque
773 873 978 926 fontium,

134 936 205 974 Me
230 932 395 972 dicente
424 930 535 971 cavis
562 929 799 983 impositam
826 927 966 969 ilicem

189 986 330 1037 Saxis,
360 984 473 1024 unde
502 984 701 1045 loquaces
904 1008 907 1015 ·
1323 982 1325 985 ’
1418 981 1466 1021 ι5

240 1038 456 1093 Lymphae
486 1036 682 1077 desssiunt
706 1044 816 1076 tuae.

642 1190 831 1228 CARMEN
859 1159 972 1231 XIV.

283 1275 338 1314 IN
366 1271 611 1314 AUGUSTI
635 1273 715 1313 EX
741 1273 1006 1314 HISPANIA
1032 1272 1307 1315 REDITUM.
1375 1290 1382 1298 2

597 1448 751 1482 Illetrum
774 1446 998 1495 Sapphicum.

138 1525 337 1566 Herculis
364 1525 449 1564 ritu
476 1523 605 1564 modo
638 1523 798 1574 (lictus,
830 1537 855 1563 ο
886 1521 1041 1576 Plebs,

139 1582 281 1620 Morte
312 1579 504 1619 venalem
532 1577 703 1631 petiisse
728 1578 893 1616 laurum

141 1634 298 1673 Caesar
329 1632 514 1685 Hispana
541 1631 697 1684 repetit
722 1632 904 1670 Penates

509 1684 659 1727 Victor
680 1683 730 1723 ab
752 1697 837 1723 ora.

143 1760 278 1801 Unico
307 1760 492 1814 gaudens
517 1760 670 1800 mulier
695 1761 845 1800 marito
1439 1760 1467 1799 5

144 1814 355 1864 Prodeat,
381 1814 498 1854 iustis
526 1822 699 1867 operata
723 1814 865 1864 Divis,

145 1868 204 1907 Et
229 1881 354 1907 soror
388 1868 488 1908 clari
515 1867 654 1918 ducis3
683 1875 726 1906 et
755 1867 936 1907 decorae

516 1920 717 1974 Supplice
743 1921 847 1961 vitta

147 2126 182 2160 V
214 2082 332 2159 }.b16.
366 2079 485 2116 Codd.
518 2080 636 2116 Bentl.
669 2086 709 2116 et
732 2078 848 2115 Vand.
883 2081 1130 2126 plurimaeque
1163 2076 1257 2114 Edd.
1282 2077 1463 2124 Afirmphae

183 2151 194 2162 ο
238 2138 258 2159 a
282 2138 318 2163 Π.

217 2172 315 2215 XIV,
335 2184 365 2206 ν.
388 2173 423 2206 6.
450 2169 569 2206 Codd.
592 2172 730 2216 aliquot
755 2146 870 2208 Bentl.
895 2169 1011 2205 Vand.
1034 2176 1072 2205 et
1096 2174 1183 2204 vett.
1201 2167 1294 2204 Edd.
1314 2177 1461 2215 oper-ata
1503 2192 1505 2198 .

147 2218 271 2252 sacris.
293 2236 340 2246 -—
361 2229 391 2252 ν.
415 2227 447 2262 7.
473 2218 551 2250 cari
568 2216 670 2250 ducis
697 2216 815 2252 Codd.
839 2215 938 2263 apud
959 2216 1080 2251 Benu.
1104 2221 1143 2251 et
1165 2213 1280 2250 Vand.
