1526 2404
153 167 228 221 154
584 176 626 221 Q·
657 176 842 208 nouam
872 175 1029 206 zonano!

147 274 191 325 1,
223 272 356 327 bone,
389 287 475 329 quo
507 272 644 315 virtus
674 281 747 314 tua
776 280 821 315 te
854 279 999 337 vocat}
1033 271 1050 313 i
1079 270 1190 328 pede
1221 271 1389 328 fausto,

149 327 332 368 Grandia
363 327 525 368 laturus
556 326 806 368 meritorum
836 341 1044 381 praemla:
1077 325 1179 388 quid
1209 325 1322 365 stas?

146 381 254 422 Post
286 379 391 420 haec
423 381 494 420 ille
529 387 644 421 catus
657 410 669 430 ‚
704 381 966 436 quantumvis
998 383 1201 430 rusticu8‚
1232 379 1336 432 Ibit,

147 435 230 474 Ibit
261 448 312 474 eo
347 448 432 488 quo
465 434 552 486 Vis,
585 433 657 488 qui
688 449 836 474 zonam
866 434 1078 488 perdidit,
1108 432 1254 487 inquit.
1417 437 1472 484 40

147 489 308 528 Romae
340 487 493 527 nutriri
523 487 624 527 mihi
658 489 832 542 contigit
864 496 990 542 atque
1023 485 1194 539 doceri,

147 542 283 581 Iratus
317 540 452 580 Graiis
485 549 686 596 quantum
716 542 931 582 nocuisset
961 540 1168 581 Achilles:

147 595 360 634 Adiecere
391 594 526 635 bonae
560 595 687 648 paulo
718 595 813 649 plus
847 595 945 634 artis
977 593 1189 643 Athenae3

148 648 322 687 Scilicet
351 655 400 687 ut
430 662 600 704 possem
633 662 765 690 curvo
799 648 1046 703 dignoscere
1078 654 1266 699 rectum,

147 702 291 756 Atque
320 701 430 742 inter
462 702 585 743 silvas
616 702 817 742 Academi
849 715 1055 756 quaerere
1086 713 1250 742 verum.
1417 698 1472 749 45

147 755 268 793 Dura
299 755 374 793 sed
405 768 604 796 emovere
636 756 734 797 loco
766 769 833 795 me
864 763 1058 810 tempora
1089 761 1236 810 grato,

150 808 381 862 Civilisque
415 808 566 848 rudem
597 808 698 863 belli
727 809 826 848 tulit
857 816 996 848 aestus
1029 808 1071 847 in
1096 820 1232 865 arma,

150 861 340 900 Caesaris
372 862 553 915 Augusti
584 876 668 902 non
698 875 954 915 responsura
985 861 1166 901 lacertis.

148 914 270 954 Unde
302 914 425 954 simul
455 916 638 968 primum
669 929 737 955 me
770 915 967 955 dimisere
998 913 1208 968 Philippi,

148 968 313 1007 Decisis
346 967 546 1008 humilem
575 969 720 1026 pennis
735 1000 747 1020 ‚
780 969 1035 1024 inopemque
1066 965 1232 1022 paterni
1420 963 1475 1007 50

148 1021 207 1060 Et
237 1021 335 1060 laris
369 1029 412 1060 et
442 1021 590 1074 fundi,
620 1031 850 1079 paupertas
882 1022 1047 1076 impulit
1077 1021 1210 1061 audax

149 1075 206 1114 Ut
236 1088 384 1116 versus
416 1074 605 1115 facerem
615 1091 628 1127 3
661 1077 763 1127 sed,
794 1075 910 1131 quod
941 1075 1024 1116 n0¹n
1057 1075 1187 1124 desit,
1217 1072 1442 1113 habentem

150 1128 270 1179 Quae
302 1135 504 1180 poterunt
538 1144 719 1183 unquam
751 1131 846 1168 satis
881 1141 1116 1182 expurgare
1151 1127 1312 1166 cicutae
1328 1155 1340 1177 ‚

148 1181 201 1219 Ni
232 1180 380 1219 melius
414 1181 598 1221 dormire
631 1190 778 1235 putem
811 1196 936 1236 quam
966 1181 1155 1220 scribere
1187 1176 1367 1220 versus?

151 1233 321 1287 Singula
353 1233 405 1272 de
438 1234 557 1273 nobis
592 1234 683 1273 anni
715 1235 972 1287 praedantur
1004 1241 1173 1282 euntes3
1419 1229 1474 1272 55

149 1287 362 1340 Eripuere
395 1286 533 1337 iocos,
571 1288 802 1337 Venerem,
834 1285 1045 1336 convivia,
1077 1285 1245 1337 ludum3

151 1340 346 1379 Tendunt
379 1347 638 1394 extorquere
669 1342 884 1394 poe'mata:
920 1339 1022 1394 quid
1053 1337 1204 1378 faciam
1234 1337 1328 1378 vis?

150 1393 347 1447 Denique
378 1406 462 1431 non
494 1408 637 1433 omnes
671 1393 818 1432 eadem
849 1392 1052 1431 mirantur
1083 1398 1324 1446 amantque:

152 1446 343 1485 Carmine
375 1453 423 1484 tu
455 1447 632 1500 gaudes3
666 1446 734 1486 hic
769 1446 1003 1485 delectatur
1031 1445 1175 1485 iambis
1185 1459 1200 1497 3

149 1499 225 1539 Ille
255 1497 425 1539 Bioneis
458 1500 719 1540 sermonibus
753 1507 796 1540 et
827 1499 912 1538 sale
944 1499 1078 1552 nigro.
1421 1497 1474 1542 60

152 1555 258 1592 Tres
290 1551 390 1591 mihi
423 1553 624 1593 convivae
656 1567 793 1607 prope
827 1552 1044 1592 dissentire
1075 1552 1296 1607 videntur¹

151 1607 379 1646 Poscentes
411 1606 529 1646 vario
563 1607 740 1646 multum
775 1606 939 1647 diversa
971 1606 1123 1658 palato.
1427 1630 1441 1655 χ

152 1659 267 1719 Quid
287 1657 413 1697 dem?
438 1659 539 1713 quid
559 1674 642 1700 non
664 1658 789 1699 dem?
810 1659 950 1699 renuis
972 1666 1041 1710 tu,
1066 1659 1182 1715 quod
1203 1657 1321 1698 i1'12et
1342 1658 1472 1713 alter3

153 1712 281 1772 Quod
312 1711 444 1764 petis,
478 1712 522 1750 id
554 1727 650 1753 saue
686 1721 750 1753 est
782 1713 958 1753 invisum
990 1713 1238 1767 acidumque
1272 1711 1449 1753 duobus.

149 1768 330 1806 Praeter
362 1772 526 1815 cetera,
560 1780 627 1805 me
659 1768 873 1807 Romaene
905 1769 1101 1819 poe'mata
1133 1777 1284 1804 censes*
1313 1801 1319 1805 ,
1418 1765 1470 1806 65
1501 1804 1511 1818 ,

152 1818 350 1859 Scribere
381 1831 528 1870 posse,
561 1819 671 1859 inter
703 1828 769 1860 tot
802 1832 922 1858 curas
954 1827 1106 1874 totque
1139 1815 1338 1858 labores?

151 1873 234 1912 Hic
267 1884 463 1925 sponsum
494 1880 643 1923 vocat,
675 1872 744 1912 hic
776 1873 961 1913 auditum
993 1873 1075 1911 scri
1106 1879 1172 1922 ta,
1205 1869 1366 1912 relictis

154 1925 358 1967 Omnibus
391 1922 563 1977 officiis3
598 1926 723 1967 cubat
751 1924 821 1966 hic
853 1926 895 1965 in
928 1926 1036 1967 colle
1068 1886 1260 1984 Quirini,

152 2105 195 2112 —
218 2096 257 2121 v.
281 2085 338 2128 46.
364 2095 525 2118 amovere
550 2083 667 2118 Codd.
683 2084 778 2132 apud
794 2085 909 2119 Pulm.
925 2090 961 2118 et
973 2084 1091 2122 Feam.
1107 2083 1160 2120 C?-
1174 2081 1276 2116 Both·
1296 2100 1342 2111 ·-·
1360 2092 1397 2115 v·
1411 2081 1470 2116 63·

152 2132 275 2165 renuis
305 2129 407 2177 quod
438 2137 477 2162 tu
508 2130 621 2162 Bentl.
648 2142 666 2163 e
692 2132 809 2166 Godd.
835 2150 878 2156 -
913 2142 951 2164 v.
986 2130 1041 2163 65.
1071 2129 1203 2161 Romae
1227 2139 1323 2160 mene
1349 2126 1469 2160 Codd.

152 2177 289 2210 Valart.
314 2182 350 2209 et
373 2174 549 2220 quaedam
571 2175 661 2208 Edd.
683 2183 766 2211 vett.
792 2177 836 2210 V.
860 2177 944 2209 Fea.
970 2193 1014 2200 —
1034 2186 1071 2207 v.
1097 2174 1154 2207 68.
1179 2174 1218 2205 in
1241 2180 1356 2207 monta
1376 2172 1469 2217 Qui-

153 2223 231 2256 rini
251 2226 289 2256 et
309 2222 349 2255 in
375 2219 466 2254 valle
492 2221 598 2265 Quir.
623 2221 743 2257 codd.
767 2223 907 2267 aliquot
928 2222 1044 2263 Feae,
1072 2229 1180 2264 quem
1201 2217 1256 2257 Cf.
1465 2226 1468 2230 ·
