1526 2404
96 130 147 171 [με
547 136 588 176 ρ.
615 134 798 169 nonnul
826 133 981 162 FLAccl

564 249 959 290 cinmuxxxn.

519 322 1000 380 AD‘LYRAM.

161 429 367 475 Alloquitur
383 431 508 476 lyram,
533 442 616 465 cum
639 429 686 463 ad
707 430 891 463 solennius
915 440 1060 465 carmen
1081 429 1311 465 scribendum
1336 430 1423 463 invi-

93 478 186 508 tatus
212 482 325 519 esset,
352 489 396 510 ne
420 478 487 510 sibi
514 476 618 510 desit.

585 558 739 592 Illetrum
766 557 881 589 Carm.
908 567 941 590 2.

92 632 326 674 Poscimur.
365 633 409 673 Si
437 633 538 689 quid
564 634 684 674 vacui
712 632 790 673 sub
819 631 969 672 umbra

91 686 284 726 Lusimus
313 696 475 738 tecum,
501 687 617 743 quod
646 695 689 727 et
718 687 830 726 hunc
860 686 902 725 in
931 699 1084 726 anuum

92 740 220 782 Vivat
247 748 291 780 et
315 741 484 795 plures:
514 755 616 796 age,
643 741 711 780 dic
738 740 955 791 Latinum,

359 792 557 846 Barbite,
586 808 776 844 carmen,

91 861 247 900 Lesbio
275 862 457 916 primum
482 863 696 902 modulate
726 862 833 913 civi3
1398 860 1426 902 5

95 914 203 976 Qui,
229 915 355 955 ferox
374 916 512 964 bello,
539 925 679 956 tamen
705 917 816 956 inter
843 928 982 966 arma,

93 969 193 1008 Sive
219 969 411 1008 iactatam
438 970 638 1024 religarat
665 969 751 1010 udo

358 1023 504 1062 Litore
532 1023 692 1074 navim,

92 1090 295 1130 Liberum
323 1100 366 1132 ct
393 1092 552 1141 Musas,
581 1092 904 1144 Veneremque,
944 1097 986 1128 et
1012 1087 1073 1127 illi

94 1143 273 1198 Semper
301 1145 546 1184 haerentem
572 1146 759 1183 Puerum
789 1143 988 1193 canebat,
1377 1154 1424 1180 10

92 1197 150 1237 Et
175 1199 357 1251 Lycum,
387 1198 513 1251 nigris
543 1198 676 1236 oculis
703 1196 913 1251 nigroque

361 1251 486 1290 Crine
518 1249 732 1290 decorum.

94 1317 134 1358 O
165 1317 294 1358 decus
321 1318 512 1368 Phoebi,
542 1325 584 1357 et
614 1314 790 1369 dapibus
821 1316 1007 1371 supremi

94 1371 223 1410 Grata
249 1373 419 1412 testudo
447 1371 580 1419 Iovis,
609 1385 635 1410 o
662 1369 855 1408 laborum

94 1425 233 1465 Dulce
260 1426 463 1473 lenimen,
492 1424 593 1463 mihi
624 1436 790 1478 cunque
820 1425 935 1464 salve
1378 1422 1425 1462 15

359 1479 458 1518 Rite
485 1477 665 1518 vocanti.

552 1597 739 1636 CARMEN
767 1596 953 1635 XXXIII.

436 1681 516 1720 AD
546 1680 757 1720 ALBIUM
789 1682 1086 1721 TIBULLUM.

96 1761 313 1797 Consolatur
336 1775 417 1799 eum
440 1761 593 1800 aliorum
617 1767 783 1810 exemplo
818 1770 1010 1801 amantium
1033 1780 1105 1800 nun
1141 1765 1417 1799 redamatorum.

574 1857 729 1888 Men-um
753 1856 872 1888 Carm.
894 1859 927 1891 6.

95 1929 213 1980 Albi,
242 1944 294 1970 ne
324 1931 467 1971 doleas
495 1932 589 1986 plus
617 1932 767 1982 nimio,
797 1947 960 1972 memor
1013 1938 1025 1956 ¹

95 1983 264 2023 Immitis
295 1985 521 2038 Glycerae,
551 2000 633 2026 neu
660 1985 924 2027 miserabiles

140 2116 298 2156 XXXII,
323 2128 356 2148 υ.
379 2129 407 2150 ι.
432 2118 630 2157 poscimus,
657 2117 777 2151 Bentl.
802 2130 821 2151 e
847 2116 939 2151 Cod.
967 2117 1095 2149 Gracv.
1118 2112 1272 2158 itemq'ue
1297 2113 1416 2148 Codd.

96 2161 437 2250 alligtssotvixtsi‘inderb.
461 2182 506 2189 —
530 2165 614 2196 Mox
640 2172 744 2197 anu-o
764 2175 832 2209 pro
858 2163 979 2198 umbra
1005 2174 1024 2195 e
1050 2160 1142 2195 Cod.
1167 2161 1271 2194 Galei
1295 2160 1415 2194 Bentl-
