1526 2404
445 174 674 203 naumann
702 173 789 199 mn.
818 161 859 210 1,
884 160 950 212 37.
1324 166 1376 212 47

502 287 689 327 Cinna
719 286 927 328 XXXVII.

411 371 451 411 A
478 372 518 411 D
573 371 603 410 S
632 369 673 410 Ο
701 370 742 409 D
766 370 806 409 A
831 370 868 408 L
895 369 933 407 E
961 367 1004 407 S.

111 460 296 495 Publicam
320 461 492 496 laetitiam
514 457 640 494 indicit
664 460 712 492 ob
735 446 971 492 voluntariam
994 455 1215 504 Cleopatrae
1239 467 1378 491 necem.

535 540 690 574 Illarum
717 540 747 572 C
746 551 833 572 arm.
859 549 895 582 9.

52 623 171 662 Nune
200 629 265 662 est
286 620 536 671 bibendum,
562 632 672 659 nunc
699 618 813 672 pede
841 619 979 660 libero

52 675 262 715 Pulsanda
285 676 434 725 tellus3
463 687 572 714 nunc
601 670 829 711 Saliaribus

109 728 275 769 Ornare
300 728 493 782 pulvinar
519 728 711 765 Deorum

163 784 348 835 Tempus
379 789 470 821 erat
496 778 670 833 dapibus
684 808 696 829 ‚
724 777 906 829 sodales,

57 855 245 897 Antehac
270 856 390 896 nefas
418 856 670 910 depromere
700 851 941 894 Caecubum
1351 855 1379 893 5

58 908 186 948 Cellis
213 909 357 959 avitis,
385 909 484 948 dum
512 908 719 962 Capitolio

110 961 274 1014 Regina
296 962 514 1002 dementes
541 962 703 1010 ruinas,

169 1015 312 1055 Funus
340 1024 384 1055 et
410 1015 586 1069 imperio
614 1012 810 1068 parabat,

61 1088 346 1129 Contaminata
374 1101 470 1127 cum
497 1102 573 1142 gre
605 1103 629 1129 e
656 1088 842 1142 turpium

59 1141 210 1181 Morbo
238 1142 447 1190 virorum,
476 1142 547 1195 qui
593 1142 681 1182 ibet
705 1142 914 1195 impotens
1338 1153 1385 1179 10

113 1194 319 1249 sperare,
348 1194 604 1249 fortunaque
632 1195 744 1234 dulci

167 1246 310 1288 Ebria.
362 1247 449 1287 Sed
474 1248 620 1287 minuit
645 1247 838 1287 furorem

63 1322 144 1364 Vix
172 1335 255 1361 una
281 1335 349 1362 sos
381 1334 425 1361 es
447 1322 561 1361 navis
587 1322 637 1362 ab
664 1320 853 1376 ignibus,

61 1376 329 1438 Mentemqpe
374 1374 608 1436 ymphatani
634 1375 866 1415 Mareotico

117 1428 302 1483 Redegit
327 1430 369 1468 in
394 1441 519 1468 veros
546 1436 719 1468 umores
1339 1427 1387 1468 15

170 1482 344 1533 Caesar,
374 1480 424 1520 ab
450 1481 566 1520 Italia
594 1481 807 1522 volantem

66 1557 207 1597 Remis
234 1557 461 1611 adurgens:
494 1557 694 1610 accipiter
722 1555 839 1595 velut

65 1610 214 1650 Molles
242 1610 477 1661 columbas,
505 1618 575 1649 aut
601 1611 792 1663 leporem
820 1608 924 1648 citus

121 1664 308 1705 Venator
335 1664 376 1702 in
404 1663 559 1717 campis
585 1662 730 1702 nivalis

170 1716 450 1768 Haemoniae3
479 1717 598 1756 daret
622 1724 670 1755 ut
695 1713 851 1754 catenis
1335 1727 1388 1754 20

68 1790 213 1830 Fatale
238 1799 492 1841 monstrum3
524 1803 632 1845 quae
662 1788 906 1844 generosius

71 1844 220 1884 Perire
250 1858 478 1905 quaer-em,
505 1857 583 1883 nec
613 1841 873 1882 muliebriter

122 1898 302 1949 Expavit
333 1910 499 1946 ensem,
523 1910 602 1936 nec
629 1896 806 1936 latentes

177 1949 319 1989 Classe
346 1951 428 1990 cita
450 1949 662 2003 reparavit
689 1961 808 1999 oras;

116 2125 298 2167 XXXVII,
319 2136 354 2159 v.
373 2132 424 2158 ιο.
442 2123 712 2168 Opprobr'iorum
731 2133 800 2167 pro
822 2123 947 2156 Morbo
973 2124 1124 2156 virorum
1145 2125 1239 2156 coni.
1262 2122 1383 2156 Bentl.

77 2181 180 2213 quem
192 2169 275 2203 Vid.
294 2187 340 2194 -—
360 2182 396 2202 v.
417 2167 471 2211 24.
488 2169 559 2200 Pro
577 2170 753 2212 reparavit
765 2179 853 2200 unus
867 2170 959 2201 Feae
975 2167 1066 2202 Cod.
1085 2170 1239 2212 repetivit
1245 2180 1258 2207 ,²
1272 2169 1383 2200 Bentl.

77 2217 170 2248 coni.
186 2215 381 2261 penetravit
388 2226 402 2254 ,·
421 2212 635 2248 Wakefield.
657 2211 843 2258 repedavit.
872 2212 928 2247 Cf.
955 2212 1078 2247 Bentl.
1095 2212 1203 2245 «Both.
1219 2212 1315 2245 Iahn.
