1526 2404
475 214 730 243 amsa-onan.
756 217 842 244 mn.
868 204 926 253 n,
960 220 990 243 ι.
1321 214 1394 262 149

83 304 183 365 Quo
212 313 338 363 pacto
363 316 511 363 'partes
541 315 706 349 tutetur
736 309 905 350 amantis
936 308 1113 372 ephebi,

82 360 142 399 bt
170 361 301 415 patris
331 363 501 412 attenti,
531 361 690 403 lenonis
719 369 768 402 ut
799 361 1008 415 insidi0313

83 413 271 472 Quantus
302 414 357 455 sit
386 417 628 455 Dossennus
659 414 855 454 edacibus
887 415 929 455 in
960 416 1172 469 parasitis3

83 468 219 558 guam
248 482 334 508 non
363 468 565 508 adstricto
595 475 819 529 percurrat
879 469 1011 522 ulpita
1044 482 1187 511 socco·

49 569 52 571 -
123 520 221 559 estit
240 521 350 559 enim
367 535 579 560 nummum
599 535 641 559 m
659 521 820 563 loculos
840 483 1075 571 demittere,
1095 530 1195 575 post
1211 521 1295 564 hoc
1320 524 1394 576 ¹75

55 570 287 621 —Securus,
320 573 440 612 cadat
472 587 524 612 an
551 581 673 613 ‘recto
706 581 789 612 stet
821 573 1093 621 fabulffl'talo.

123 639 223 664 uem
253 625 352 665 tulit
383 626 435 664 ad
465 639 630 665 scenam
660 633 836 674 ventoso
869 626 1014 667 Gloria
1045 640 1199 678 curru,

120 678 298 717 xanimat
327 679 463 718 lentus
496 686 730 732 spectator,
760 680 929 719 sedulus
960 678 1088 718 inflat.

83 731 154 771 Sic
170 730 303 780 leve,
333 731 393 771 sic
420 745 597 784 parvum
617 739 704 781 est,
736 732 913 771 animum
935 732 1051 794 quod
1069 733 1201 772 laudis
1223 748 1393 775 avarum

59 782 260 823 -Subruit
290 791 362 823 aut
386 784 535 824 reficit.
584 783 737 826 Valeat
768 799 836 824 res
864 785 1047 835 ludicra,
1079 785 1115 824 si
1145 799 1214 826 me
1322 789 1395 828 180

82 836 225 875 Palma
254 843 404 890 negata
433 849 640 887 macrum,
672 838 823 878 donata
854 838 1021 878 reducit
1053 838 1251 891 opimum.

84 889 219 941 Saepe
251 890 374 929 etiam
405 891 605 929 audacem
637 890 759 944 fugat
788 890 871 931 hoc
910 898 1131 945 terretque
1163 895 1355 944 politam,

84 941 215 1000 Quod
243 955 419 982 numero
451 944 617 996 plures,
648 944 806 983 virtute
838 951 882 983 et
911 943 1073 983 honore
1104 945 1311 995 minores,

82 994 245 1034 Indocti
275 995 525 1050 stolidique,
557 1002 600 1034 et
632 996 873 1049 depugnare
904 997 1061 1049 parati,

83 1047 130 1086 Si
160 1047 374 1087 discordet
406 1063 557 1103 eques,
588 1049 725 1088 media
756 1050 867 1089 inter
898 1050 1077 1088 carmina
1109 1057 1289 1102 poscunt
1321 1051 1395 1090 185

82 1099 170 1140 Aut
198 1113 344 1138 ursum
374 1109 444 1141 aut
474 1101 660 1158 pugiles:
690 1101 754 1140 his
783 1117 878 1142 nam
907 1101 1129 1155 plebecula
1160 1102 1327 1155 gaudet.

82 1153 245 1194 Verum
275 1153 408 1207 equiti
439 1168 609 1209 quoque
632 1155 713 1194 iam
742 1156 937 1209 migravit
963 1154 1014 1193 ab
1043 1168 1144 1194 aure
1175 1155 1368 1208 voluptas

84 1204 229 1246 Omn'is
257 1205 310 1244 ad
339 1207 521 1246 incertos
562 1208 708 1247 oculos
736 1214 780 1246 et
808 1208 959 1262 gaudia
989 1221 1105 1247 vana.

82 1257 278 1312 Quatuor
296 1266 376 1298 oaut
405 1260 550 1312 plures
585 1261 726 1300 aulaea
756 1267 1005 1314 premuntur
1030 1260 1074 1298 in
1101 1259 1250 1310 horas,

81 1312 195 1351 Dum
219 1311 243 1350 f
301 1311 387 1351 ‘unt
405 1313 594 1367 equitum
609 1322 770 1353 turmae
789 1314 1063 1367 peditumque
1086 1321 1394 1369 catervae3190

81 1365 182 1404 Mox
209 1372 252 1403 tr
308 1365 390 1404 ‘tur
419 1365 605 1405 manibus
637 1380 786 1420 regum
817 1366 988 1406 fortuna
1019 1367 1217 1418 retortis3

15 1452 21 1454 a
82 1417 243 1456 Esseda
273 1416 487 1467 festinant,
529 1419 708 1471 pilenta,
738 1420 968 1472 petorrita,
995 1432 1121 1458 naves
1131 1433 1145 1470 3

84 1469 305 1522 Captivum
335 1478 528 1522 portatur
555 1472 683 1520 ebur,
713 1473 875 1525 captiva
912 1470 1151 1511 Corinthus.

84 1522 129 1561 Si
154 1522 271 1561 foret
300 1522 343 1560 in
372 1524 520 1574 terris,
551 1525 713 1563 rideret
740 1525 1032 1573 Democritus,
1064 1537 1139 1563 seu

83 1574 310 1614 Diversum
342 1576 516 1615 confusa
546 1590 675 1629 genus
706 1577 905 1629 panthera
938 1577 1119 1627 camelo,
1323 1589 1394 1631 193

86 1627 183 1667 Sive
216 1626 384 1679 elephas
412 1628 528 1666 albus
555 1629 672 1682 vulgi
699 1636 967 1670 converteret
999 1643 1098 1668 ora:

11 1711 15 1713 a
86 1680 306 1732 Spectaret
335 1681 539 1732 populum
564 1681 672 1719 ludis
700 1683 894 1721 attentius
925 1681 1047 1734 ipsis,

88 1733 143 1771 Ut
173 1732 252 1771 sibi
281 1732 554 1784 praebentem
585 1734 710 1774 mimo
742 1739 979 1787 spectacula
999 1734 1133 1786 plura.

87 1782 326 1838 Scriptores
357 1793 510 1840 autem,
525 1799 695 1827 narrare
722 1794 891 1840 putaret
924 1790 1053 1827 asello

87 1976 131 1984 —
149 1969 188 1991 v.
219 1960 292 2002 ¹73·
315 1957 531 1991 Dorsennus
554 1958 674 2002 plures
688 1959 779 1992 Edd.
795 1959 875 1992 Vid.
887 1959 990 1994 Both.
1011 1979 1059 1988 -
1080 1973 1118 1995 v.
1149 1961 1225 2004 178.
1246 1958 1390 1992 sedulus

85 2003 198 2036 instat
217 2003 311 2036 Coll.
335 2003 413 2035 Sax.
439 2003 496 2036 Cf.
516 2003 663 2037 Gesnerg
689 2005 782 2046 Fen,
817 2004 919 2037 Both.
950 2025 995 2032 —
1025 2018 1063 2039 v.
1102 2007 1177 2039 180.
1213 2016 1256 2037 ac
1279 2005 1392 2050 reficit

88 2047 199 2083 Bentl.
234 2059 278 2081 ex
307 2049 446 2091 aliquot
478 2048 594 2080 Codd.
618 2049 673 2081 Cs.
705 2051 788 2082 Fea.
813 2069 855 2076 -—
879 2061 917 2082 v.
946 2052 1019 2084 186.
1042 2051 1224 2096 plebecula
1248 2049 1391 2094 plaudit

88 2091 182 2129 haud
206 2094 310 2138 pauci
334 2093 450 2125 Codd.
472 2094 650 2135 Lambini,
681 2095 796 2135 Feae‚
831 2096 1001 2138 aliorum3
1034 2097 1171 2140 recepit
1207 2107 1288 2127 cum
1318 2096 1391 2126 Fea

88 2135 240 2171 lahnius.
258 2157 305 2163 —
326 2149 365 2170 v.
391 2139 464 2181 187.
491 2139 607 2183 equiti
627 2138 741 2171 Bentl.
764 2141 982 2173 coniectura.
1005 2159 1050 2167 -—
1072 2153 1111 2173 v.
1132 2141 1203 2173 188.
1223 2141 1389 2179 ingr-atos

89 2182 210 2214 oculos
235 2182 349 2215 Bentl.
373 2184 579 2216 coniectura
599 2182 654 2215 Cf.
678 2185 761 2216 Fea.
783 2202 829 2210 ·—
848 2195 887 2216 v.
916 2186 990 2229 196.
1013 2185 1227 2219 conver-cerie
1240 2179 1354 2216 Bentl.
1368 2194 1388 2215 e

91 2225 255 2261 Prisciani
277 2227 368 2261 eod.
393 2227 448 2262 Cf.
471 2227 575 2261 Both.
599 2233 635 2262 et
658 2228 755 2264 [alm.
778 2240 781 2243 ’
