1526 2404
151 233 166 257 1
178 223 225 267 ¹4
583 229 623 270 ρ.
653 229 838 257 nonum
874 229 1033 258 uacci

144 324 244 418 guo
273 323 391 363 ducit
417 321 515 376 gula
524 337 537 374 3
561 323 797 377 piscamur,
827 335 1054 376 venenam-3
1080 332 1129 366 ut
1156 324 1258 365 olim

185 378 378 431 argibus,
406 376 479 430 qui
506 391 626 417 mane
653 377 820 431 plagas,
849 376 1076 428 venabula,
1101 391 1249 419 servos

141 431 376 470 Difl'ertum
406 430 584 470 transire
615 430 760 470 forum
796 430 1088 485 populumque
1113 430 1307 483 iubebat,

141 486 257 531 Unus
284 492 332 523 ut
361 496 385 522 c
413 483 553 523 multis
581 484 742 537 populo
771 492 987 536 spectante
1014 483 1203 524 referret
1409 486 1462 526 60

141 539 313 576 Emtum
338 535 476 575 mulus
507 551 667 590 aprum.
698 537 829 576 Crudi
855 537 1090 592 tumidique
1115 537 1332 590 lavemur,

188 591 258 629 uid
286 590 455 639 deceat,
491 591 592 645 quid
619 603 725 640 non,
755 589 897 639 obliti,
929 590 1097 630 Caerite
1125 603 1224 630 cera

138 646 157 683 1
182 644 291 706 igni,
319 642 544 695 remigium
572 644 769 683 vitiosum
796 643 1020 683 Ithacensis
1049 643 1208 696 Ulixei,

141 699 220 736 Cu1
246 696 389 750 potior
415 697 663 749 patria'fuit
689 697 911 736 interdicta
940 697 1146 750 voluptas.

138 751 204 801 Si,
235 751 505 789 Mimnermus
533 750 593 789 uti
623 759 788 801 censet,
817 750 906 789 sine
935 763 1080 790 amore
1106 749 1300 806 iocisque
1408 750 1461 794 65

136 805 204 843 Nil
233 812 297 843 est
325 803 573 843 iucundum:
600 804 715 844 vivas
750 804 962 843 in'amore
992 803 1196 859 iocisque.
1247 832 1250 838 ,

135 858 270 906 Vive,
298 856 416 906 vale3
432 857 481 895 ·si
510 857 611 911 quid
637 857 792 897 novisti
818 857 977 896 rectius
1003 856 1113 908 istis,

138 909 348 950 Candidus
375 909 546 964 imperti
553 925 568 963 3
597 910 632 950 si
659 924 767 963 non,
793 909 856 950 his
885 918 1008 950 utere
1044 922 1223 955 mecum!

663 1013 745 1020 ..υ-

903 1015 936 1022 —-

619 1110 830 1137 musrona
862 1097 952 1139 VII.

528 1181 609 1220 AD
640 1180 1049 1222 MAECENATEM.

198 1268 259 1300 Est
288 1265 376 1299 haec
408 1265 558 1309 epistola
589 1276 630 1298 ex
658 1265 699 1297 iis
725 1265 859 1297 Horatii
887 1264 1118 1306 carminibus,
1149 1262 1244 1298 unde
1275 1265 1455 1310 egregium

133 1316 206 1348 eius
220 1312 418 1355 ingenium,
440 1310 575 1342 candor
601 1310 826 1354 incorruptus
854 1315 887 1342 et
905 1311 1054 1353 ingenua
1080 1308 1225 1346 libertas
1249 1321 1322 1350 non
1338 1312 1455 1343 minus

132 1369 238 1404 quam
261 1356 435 1389 amicitiae
460 1360 494 1387 et
520 1355 609 1398 grati
634 1356 738 1386 animi
761 1366 879 1387 sensus
900 1354 1056 1399 inprimis
1082 1356 1228 1388 eluceat.
1269 1355 1455 1388 Maecenas

131 1405 245 1444 enim,
271 1402 329 1445 qui
357 1400 760 1445 poetaeconsuetudine
784 1411 962 1443 nunquam
990 1410 1062 1431 non
1084 1399 1277 1432 admodum
1299 1400 1454 1433 delecta-

130 1455 229 1482 retur
249 1452 284 1479 et
313 1446 440 1477 invitus
472 1456 611 1489 semper
635 1455 655 1476 a
678 1456 715 1477 se
743 1445 951 1487 dimitteret,
977 1456 1058 1477 eum
1077 1445 1267 1488 aliquando
1291 1446 1455 1478 Horatius

131 1494 194 1528 etsi
214 1491 394 1538 pollicitus
416 1491 506 1522 intra
523 1501 654 1534 paucos
675 1490 749 1523 dies
766 1502 802 1522 se
817 1490 1035 1531 rediturum,
1053 1489 1182 1523 diutius
1200 1491 1288 1524 urbe
1303 1490 1469 1533 abesset‚‘

131 1539 169 1572 id
191 1547 296 1580 aegre
322 1536 443 1568 tulisse
470 1541 503 1568 ct
527 1535 703 1567 subiratus
729 1547 803 1568 esse
827 1534 976 1567 videtur.
1010 1535 1083 1566 lam
1107 1536 1214 1578 igitur
1237 1541 1345 1581 poeta
1362 1535 1455 1570 hanc

131 1584 316 1629 epistolam
341 1581 501 1625 scripsit⁷
537 1591 606 1623 qua
638 1586 671 1612 et
702 1579 791 1613 hanc
821 1580 1013 1612 absentiam
1041 1586 1222 1615 excusaret
1248 1586 1282 1614 et
1305 1581 1452 1614 omnino

128 1630 241 1664 libere
262 1627 508 1669 eloqueretur,
536 1636 604 1668 qua
619 1626 756 1658 ratione
778 1625 820 1657 ab
839 1626 963 1657 maiori
985 1626 1098 1658 amico
1119 1637 1156 1658 se
1174 1626 1317 1659 tractari
1334 1626 1450 1658 vellet.

129 1676 287 1709 Primum
320 1671 507 1703 certiorem
544 1670 592 1701 ibi
628 1671 711 1702 facit
739 1672 998 1712 Maecenatem,
1034 1682 1071 1703 se
1100 1671 1239 1703 nonnisi
1272 1671 1450 1714 sequentis

129 1719 211 1752 anni
228 1724 389 1760 tempore
403 1726 510 1747 verno
529 1715 576 1746 ob
594 1715 801 1748 valetudinis
821 1716 1019 1760 periculum
1036 1716 1181 1748 Romam
1198 1726 1302 1761 posse
1321 1716 1450 1748 reverti

131 1765 184 1809 (v,
204 1775 261 1796 1—-
272 1760 354 1805 12.).
379 1762 468 1792 Tum
489 1760 547 1791 ubi
561 1761 678 1805 lepide
695 1761 912 1803 significavit,
926 1773 963 1793 se
977 1760 1091 1805 probe
1105 1762 1314 1804 intelligere,
1329 1761 1453 1804 quanti

129 1819 318 1853 generosus
342 1806 554 1838 Maecenatis
580 1807 713 1838 animus
733 1812 767 1838 et
789 1807 822 1837 in
846 1806 1026 1838 beneficiis
1047 1805 1234 1849 largiendis
1255 1805 1449 1838 humanitas

129 1853 291 1888 facienda
314 1851 357 1884 sit
391 1850 450 1894 (v.
479 1851 642 1895 12-24),
675 1851 804 1884 diserte
829 1856 977 1884 aetatem
1002 1861 1099 1883 suam
1122 1850 1383 1895 provectiorem
1413 1855 1450 1882 et

130 1901 301 1934 incertam
333 1895 568 1928 valetudinem
605 1902 746 1929 excusat
760 1920 775 1938 ⁷
806 1895 903 1939 quod
939 1896 1082 1928 omnino
1116 1907 1189 1929 non
1226 1895 1374 1940 amplius
1411 1895 1449 1926 in

129 1945 216 1978 urbe
233 1950 304 1975 tam
323 1940 460 1974 assidue
480 1952 516 1974 se
539 1941 687 1974 detineri
710 1947 890 1986 pateretur
916 1939 975 1984 (v.
1000 1940 1181 1986 25—28.);
1206 1946 1311 1984 atque
1329 1938 1448 1972 sabula
1502 1938 1504 1940 “

130 1989 183 2034 (υ.
196 1985 356 2031 29—34.)
375 1991 407 2019 et
426 1987 685 2019 narratiuncula
704 1988 756 2030 (v.
769 1984 917 2028 46-94)
938 1985 1125 2029 significat,
1141 1985 1303 2028 adeoque
1320 1989 1445 2028 aperto

127 2035 314 2081 profitetur
338 2031 391 2075 (v.'
410 2030 497 2073 34-
518 2031 597 2074 39),
630 2044 667 2064 se
690 2033 806 2064 omnia
831 2042 920 2074 quae
945 2031 1139 2063 Maecenati
1163 2029 1327 2075 deberet,
1362 2027 1446 2061 red-

129 2080 214 2113 dere
238 2079 364 2118 malle,
398 2087 503 2120 quam
526 2077 678 2110 liberum
705 2077 766 2110 otii
800 2087 903 2114 usum
933 2074 1116 2109 serviendo
1144 2075 1316 2108 amittere.
1355 2073 1446 2123 Cufn

128 2125 195 2158 hac
214 2123 366 2168 epistola
388 2122 548 2155 conseres
573 2122 667 2155 Sat.I
680 2146 690 2165 ‚
714 2123 747 2156 6.
766 2121 836 2154 Od.
855 2121 929 2164 111,
953 2130 1014 2164 29,
1034 2121 1091 2154 53.

127 2253 306 2331 -ιιμέῡ,
321 2248 453 2298 sor-gam
478 2260 708 2295 campumque
732 2260 828 2284 mera
852 2248 1056 2284 coniectura
1079 2237 1255 2282 Bentleius
1277 2255 1382 2292 quem
1396 2245 1458 2280 V.-

127 2311 170 2334 σο
186 2301 209 2331 1.
269 2306 379 2331 emer.
