1526 2404
108 166 161 207 60
491 186 495 190 ·
563 183 604 224 Q,
634 183 821 211 nonnul
849 184 1007 211 FLAccx

109 275 198 315 Das
230 275 386 331 aliquid
416 274 570 328 famae,
599 291 706 333 quae
735 279 918 320 carmine
998 280 1106 320 atior
1134 279 1278 320 aurem
1328 279 1332 284 ’

110 328 234 369 Occu
266 339 306 370 at
333 330 591 371 humanam?
622 331 802 386 grandes
832 333 956 372 rhom
986 333 1000 372 i
1025 333 1191 388 patinae
1223 349 1278 375 ue
1381 334 1434 391 95

110 383 280 423 Grame
307 383 454 424 ferunt
484 400 566 424 una
593 398 687 424 cum
717 385 866 426 damno
899 387 1096 439 dedecus.
1124 349 1249 427 Adde

107 437 264 476 Iratum
291 446 513 490 patruum,
543 439 724 491 vicinos,
756 449 799 480 te
827 439 903 479 tibi
931 441 1143 495 iniquum,

108 490 166 529 Et
194 489 354 530 frustra
380 493 527 532 mortis
557 493 755 545 cupidum
771 523 782 543 .,
809 508 939 548 quum
967 493 1105 533 deerit
1133 493 1275 548 egenti

109 543 193 593 As,
223 543 364 598 laquei
390 546 586 598 pretium.
617 547 738 597 Iure,
765 547 920 608 inquit,
950 547 1150 587 Trausius
1178 547 1266 587 istis

112 597 309 650 Iurgatur
336 598 500 650 verhis3
531 613 612 654 ego
643 601 861 655 vectigalia
889 615 1038 655 magna
1360 613 1434 641 100

108 650 376 706 Divitiasque
402 651 540 692 habeo
571 653 704 693 tribus
735 654 891 708 amplas
918 654 1105 717 regibus.
1131 654 1275 708 Ergo,

154 704 241 743 uod
263 714 458 758 superat,
486 720 571 745 non
601 715 665 747 est
692 709 840 748 melius
869 721 953 763 quo
982 721 1194 747 1nsumere
1214 707 1381 761 possid?

113 759 203 796 (Λιι-
232 767 330 811 eget
357 759 550 814 indignus
577 761 817 816 quisquam,
845 769 889 801 te
918 760 1077 802 divite?
1103 774 1236 816 quare

110 811 288 864 Templa
317 822 445 852 ruunt
475 813 642 868 antiqua
674 814 845 855 Deum?
875 827 952 854 cur
967 838 985 865 ,ν
1004 814 1221 869 improbe,
1250 826 1372 855 came

109 865 205 903 Non
234 865 390 927 aliquid
416 867 578 920 patriae
606 876 721 908 tanto
752 868 936 908 emetiris
965 866 1150 908 acervo?
1361 868 1435 908 105

109 917 191 956 Uni
218 918 414 958 nimirum
439 920 515 959 tibi
540 930 658 961 recte
686 936 855 976 semper
883 930 1007 962 erunt
1031 934 1116 962 res.

109 970 150 1010 O
180 985 355 1025 magnus
381 974 559 1026 posthac
585 975 760 1015 inimicis
788 974 918 1015 risus!
947 976 1108 1016 Uterne

108 1024 178 1063 Ad
207 1038 325 1064 casus
356 1025 506 1067 dubios
535 1027 638 1068 fidet
669 1028 748 1068 sibi
777 1029 964 1069 certius?
994 1028 1084 1080 hic,
1116 1029 1190 1084 qui

107 1078 308 1121 Pluribus
339 1082 516 1129 assuerit
543 1090 729 1122 mentem
755 1096 995 1137 corpusque
1023 1083 1276 1136 superbum,

108 1130 176 1169 An
204 1132 297 1185 qui,
327 1141 546 1174 contentus
575 1149 708 1188 parvo
737 1144 1014 1190 metuensque
1042 1136 1178 1175 futuri
1361 1149 1434 1175 no

109 1185 155 1222 In
182 1198 314 1236 pace,
343 1193 391 1223 ut
420 1188 608 1240 sapiens,
639 1190 790 1241 aptarit
817 1189 967 1227 idonea
994 1188 1141 1228 bello?

111 1237 209 1289 Quo
238 1238 369 1292 magis
396 1238 459 1278 his
489 1241 658 1291 credas3
687 1255 796 1294 puer
822 1241 932 1280 hunc
962 1254 1043 1295 ego
1063 1255 1219 1295 parvus
1240 1242 1432 1284 Ofellum

110 1291 288 1344 Integris
321 1291 472 1344 opibus
501 1295 601 1333 novi
628 1309 712 1333 non
739 1295 860 1334 latius
888 1309 1032 1345 usum,

110 1344 248 1398 Quam
276 1359 385 1384 nunc
416 1347 571 1386 accisis.
609 1348 764 1389 Videas
794 1356 951 1390 metato
981 1348 1021 1387 in
1049 1349 1188 1402 agello

111 1399 218 1435 Cum
244 1411 404 1451 pecore
434 1408 476 1438 et
504 1401 635 1454 gnatis
665 1401 823 1441 fortem
851 1402 1048 1442 mercede
1077 1403 1299 1454 colonum,
1358 1403 1432 1443 115

108 1452 204 1489 Non
232 1464 338 1505 ego,
366 1462 625 1505 narrantem,
652 1462 814 1495 temere
844 1455 912 1494 edi
940 1455 1035 1495 luce
1066 1455 1259 1508 profesta

111 1503 352 1559 Quidquam
380 1515 551 1558 praeter
583 1508 697 1558 olus,
727 1510 918 1548 fumosae
942 1522 1037 1548 cum
1056 1510 1168 1563 pede
1198 1523 1377 1563 pernae3

109 1560 173 1596 Ac
204 1558 304 1596 mihi
333 1572 408 1597 seu
436 1559 609 1614 longum
639 1571 736 1615 post
763 1571 928 1615 tempus
956 1571 1130 1603 venerat
1157 1563 1335 1617 hospes,

111 1611 210 1651 Sive
241 1625 419 1664 operum
448 1628 581 1653 vacuo
612 1623 753 1668 gratus
786 1616 961 1655 conviva
990 1630 1068 1670 per
1094 1617 1273 1656 imbrem

110 1665 303 1713 Vicinus,
334 1664 443 1705 benc
473 1676 584 1717 erat,
607 1683 689 1708 non
710 1670 892 1722 piscibus
919 1669 1025 1709 urbe
1052 1670 1192 1723 petitis
1205 1701 1222 1720 ‚.
1356 1683 1429 1710 120

111 1718 198 1760 Sed
224 1718 340 1771 pullo
371 1726 494 1773 atque
520 1722 680 1762 haedo:
708 1732 797 1762 tum
824 1723 994 1776 pensilis
1023 1738 1106 1763 uva
1134 1723 1337 1763 secundas

110 1773 166 1810 Et
190 1786 273 1810 nux
302 1773 475 1813 ornabat
505 1790 691 1826 mensas,
719 1791 815 1816 cum
845 1776 1012 1829 duplice
1041 1776 1136 1816 ficu.

109 1826 212 1864 Post
240 1825 322 1864 hoc
355 1825 477 1867 ludus
509 1837 621 1880 erat,
651 1830 774 1884 culpa
800 1838 950 1884 potare
978 1831 1198 1887 magistra;

108 1976 154 1982 —
177 1970 205 1989 v.
221 1959 276 2000 95.
302 1966 446 2002 occupet
469 1960 585 2001 plures
612 1959 726 1991 Codd.
749 1971 878 2003 cosque
898 1961 1054 2004 sequitur
1076 1961 1197 1993 Hcind.
1225 1972 1329 2004 quem
1344 1961 1424 1993 Vid.

111 2005 192 2036 coll.
215 2004 325 2035 Bcntl.
351 2009 385 2036 ct
402 2004 499 2035 Both.
522 2005 700 2037 Annotatt.
728 2025 770 2030 —
795 2018 823 2037 v.
843 2015 899 2047 99.
924 2018 981 2037 aes
1001 2006 1139 2048 plurimi
1162 2005 1274 2038 codd.
1294 2011 1326 2037 et
1346 2013 1425 2038 vest.

109 2047 198 2080 Edd.
220 2048 298 2080 vid.
322 2050 430 2080 Bcntl.
453 2055 485 2080 et
504 2050 583 2082 Fca.
606 2070 650 2075 —
676 2063 706 2082 v.
724 2062 779 2093 99.
803 2051 919 2096 inquit
943 2052 1051 2083 Bcull.
1068 2063 1085 2083 e
1101 2050 1213 2082 codd.
1230 2062 1333 2093 quem
1346 2051 1426 2083 Vid.

110 2094 190 2125 coll.
214 2093 395 2126 Heindorf.
421 2100 454 2125 ct
475 2095 573 2126 Both.
589 2096 714 2139 quibus
739 2096 886 2127 aliorum
913 2095 1026 2127 codd.
1052 2096 1157 2128 lectio
1178 2097 1294 2140 inquis
1323 2106 1424 2139 prae-

109 2140 236 2182 placet.
263 2157 306 2162 -—
335 2152 364 2170 v.
393 2141 464 2172 106.
495 2149 611 2172 rec-me
637 2140 749 2173 Codd.
780 2142 912 2184 aliquot
936 2141 1094 2175 Lambin.
1120 2146 1171 2181 ct,
1203 2146 1240 2172 ut
1272 2140 1426 2182 videtur,

110 2194 230 2217 omnes
250 2184 351 2217 Fene.
378 2203 421 2209 —
447 2194 531 2218 eunt
555 2187 666 2219 1301111.
691 2197 732 2219 cx
759 2187 852 2218 coni.
874 2187 949 2218 Mc.
969 2185 1108 2217 Heinsii.
1135 2185 1205 2216 sed
1225 2185 1277 2216 (js.
1300 2185 1424 2217 Heind.

109 2248 151 2255 -—
176 2240 205 2260 v.
231 2230 302 2262 123.
327 2241 442 2274 cuppa
466 2232 625 2263 Lambin.
652 2243 744 2277 cupa
766 2232 876 2264 Bcntl.
902 2236 1050 2275 uterquc
1075 2241 1115 2264 cx
1142 2231 1233 2262 coni.
1260 2230 1330 2263 Sed
1343 2230 1422 2264 Vid.
