1526 2404
119 158 175 200 38
602 168 643 209 q.
664 168 847 196 nonArn
875 166 1033 194 naec!

123 265 223 359 guo
252 263 412 313 fortes,
448 260 598 316 quibus
624 260 849 301 adversum
882 259 1042 300 bellum
1072 259 1240 299 incidit:
1268 260 1379 311 inter

172 327 316 358 ectora
345 314 610 364 Priamiden,
637 313 868 353 animosum
906 321 1030 368 atque
1056 312 1167 352 inter
1195 313 1405 354 Achillem

122 373 190 411 Ira
221 370 304 410 fuit
337 367 524 422 capitalis
552 375 600 406 ut
626 367 772 406 ultima
800 366 1009 406 divideret
1032 378 1171 416 mors,

122 427 218 464 Non
248 424 369 462 aliam
401 421 456 461 ob
488 434 654 459 causam
682 420 761 458 nisi
789 419 907 473 quod
937 418 1070 460 virtus
1096 419 1139 458 in
1166 426 1352 475 utroque

125 478 295 517 Summa
315 475 418 525 fuit3
445 474 528 512 duo
559 473 592 511 si
621 472 830 512 discordia
857 479 984 512 vexet
1010 471 1190 522 inertes,
1409 472 1456 514 15

123 531 211 570 Aut
239 530 274 568 si
303 526 538 581 disparibus
573 526 734 565 bellum
763 525 940 575 incidat,
973 532 1020 564 ut
1048 524 1248 577 Diomedi

127 584 233 622 Cum
261 581 390 632 Lycio
430 580 612 619 Glauco:
645 578 834 618 discedat
862 576 1046 631 pigrior,
1079 575 1194 617 ultro

124 634 370 675 Muneribus
397 632 567 681 missis.)
600 634 736 671 Bruto
767 634 975 671 Praetore
1004 638 1178 670 tenente

125 689 273 728 Ditem
304 687 469 735 Asiam,
497 685 643 738 Rupili
674 693 717 724 et
746 687 870 723 Persi
898 698 975 737 par
1006 691 1188 737 pugnat,
1220 683 1283 726 uti
1307 697 1395 724 non

128 740 421 794 Compositum
449 738 600 778 melius
630 751 727 776 cum
751 737 879 777 Bitho
913 734 1133 776 Bacchius.
1161 737 1207 775 In
1235 737 1300 776 ius
1410 749 1462 777 20

125 795 261 834 Aeres
288 799 567 847 procurrunt,
597 805 794 844 magnum
829 790 1117 843 spectaculum
1145 796 1339 846 uterque.

126 847 300 887 Persius
329 845 500 899 exponit
529 857 718 893 causam3
746 843 912 883 ridetur
947 843 997 882 ab
1027 843 1140 882 omni

132 901 377 940 Conventu:
405 897 547 936 laudat
576 898 757 936 Brutum
790 896 1017 950 laudatque
1049 894 1294 946 cohortem3

130 953 277 993 Solem
310 952 436 991 Asiae
465 953 646 989 Brutum
677 950 883 1003 appellat,
917 949 1145 1004 stellasque
1170 947 1363 988 salubres

128 1006 331 1069 Appellat
358 1005 559 1053 comites,
591 1011 770 1059 excepto
798 1004 920 1056 Rege
931 1016 943 1053 3
975 1013 1124 1042 canem
1161 1000 1307 1053 illum,
1345 998 1347 1001 ’
1415 1001 1468 1042 25

130 1060 314 1098 Invisum
343 1056 538 1110 agricolis
569 1056 706 1104 sidus,
737 1056 924 1095 venisse:
953 1054 1128 1104 ruebat,

129 1112 311 1150 Flumen
337 1118 386 1149 ut
411 1108 658 1157 hibernum,
689 1108 828 1147 fertur
858 1120 942 1161 quo
972 1118 1068 1146 rara
1104 1104 1276 1147 securis.

131 1162 242 1202 Tum
267 1161 565 1201 Praenestinus
596 1161 703 1199 salso
733 1162 954 1220 multoque
984 1158 1134 1200 fluenti

131 1216 344 1269 Expressa
371 1212 544 1252 arbusto
572 1213 734 1265 regerit
767 1212 958 1254 conucia
987 1213 1117 1251 durus

130 1267 427 1311 Vindemiator
456 1275 499 1305 et
526 1265 729 1313 invictus,
764 1265 832 1304 cui
860 1278 987 1317 saepe
1016 1268 1152 1304 viator
1415 1267 1469 1307 30

133 1321 366 1371 emisset,
401 1332 552 1372 magna
580 1317 835 1370 compellans
867 1328 972 1357 voce
1002 1317 1214 1359 cuculum.

132 1375 192 1414 At
219 1374 434 1420 Graecus,
461 1379 686 1424 postquam
715 1378 780 1409 est
805 1370 909 1409 Italo
971 1370 1138 1410 crfusus
1168 1378 1315 1422 acem,

133 1427 307 1467 Persius
338 1423 563 1464 exclamat:
591 1422 678 1461 Per
704 1437 905 1476 magnos,
932 1383 1091 1473 lirum,
1119 1423 1237 1463 Deos
1266 1432 1310 1464 te

135 1480 229 1521 Oro
245 1509 256 1530 ‚
285 1479 358 1532 qui
385 1490 510 1530 reges
540 1476 756 1515 consueris
789 1476 943 1515 tollere
953 1491 964 1526 3
988 1490 1064 1515 cur
1088 1490 1172 1515 non

135 1535 261 1573 Hunc
289 1533 456 1584 Regem
482 1528 676 1582 iugulas?
717 1542 897 1582 operum
928 1529 1036 1579 hoc,
1063 1529 1166 1569 mihi
1201 1530 1354 1582 crede,
1377 1539 1472 1571 tuo-

937 1597 1031 1621 rum
1064 1591 1142 1622 est·
1417 1586 1471 1626 35

137 1720 181 1726 —
205 1710 243 1732 v.
275 1709 327 1730 11.
353 1696 434 1728 olim
458 1705 526 1739 pro
549 1694 644 1727 inter
668 1696 763 1727 coni.
788 1695 904 1728 Bentl.
935 1696 1007 1728 sed
1032 1696 1087 1729 Cf.
1113 1694 1238 1729 Heind.
1270 1715 1317 1723 ·—
1354 1709 1391 1731 v.
1421 1695 1473 1732 15.

140 1752 251 1778 ver-set
277 1744 378 1776 inert-
413 1741 532 1775 codd.
571 1741 708 1782 aliquot
742 1741 903 1772 Lambin.
943 1741 1051 1785 idque
1086 1741 1247 1785 praefert
1278 1743 1393 1776 Bentl.
1418 1744 1472 1775 (21'.

138 1789 264 1822 Heind.
301 1805 348 1812 —·
385 1798 423 1818 v.
448 1796 501 1818 20.
543 1784 766 1827 Composz'ms
801 1787 951 1818 maxima
977 1787 1064 1818 Edd.
1095 1796 1200 1830 ματη
1247 1790 1473 1822 comtos-itum

139 1833 308 1879 permulti
335 1831 450 1862 Codd.
477 1830 663 1874 compositi
682 1830 752 1862 ‹luo
779 1831 896 1863 Cudd.
924 1831 1004 1863 vid.
1031 1831 1146 1863 Benll.
1172 1833 1232 1874 qui
1255 1801 1355 1865 dedit
1380 1845 1473 1866 com-

137 1880 261 1926 positi,
287 1877 340 1909 Cf.
366 1875 490 1907 Heind.
508 1875 593 1906 Fra.
618 1893 664 1898 —
690 1887 719 1907 ν.
739 1877 792 1908 28.
821 1876 1040 1920 multumque
1067 1876 1156 1907 Edd.
1189 1881 1272 1910 vett.
1299 1874 1334 1910 e't
1358 1879 1473 1910 maior

139 1935 222 1968 pars
244 1921 362 1954 Codd.
389 1920 443 1952 Cf.
472 1919 584 1951 Bentl.
607 1938 653 1943 —
681 1931 709 1951 ν.
732 1921 786 1962 34.
812 1922 990 1953 consuesti
1011 1932 1054 1954 ex
1080 1931 1152 1954 uno
1175 1921 1267 1956 Cod.
1294 1927 1331 1956 et
1352 1927 1474 1956 veteru

141 1968 295 2014 quadam
317 1965 382 1999 Ed.
408 1964 523 1998 Bentl.
550 1964 622 1996 Sed
649 1964 705 2000 Cs.
731 1965 858 1999 Heind.
981 1962 987 1968 “
