1526 2404
155 173 212 217 66
595 187 639 230 ρ.
667 185 853 233 noua-ru
879 186 1039 218 nacci

157 282 307 322 Clarus
338 281 440 332 erit,
467 279 616 333 fortis,
644 282 793 323 iustus.
823 280 1092 346 sapiensne?
1117 279 1279 334 Etiam3
1309 289 1355 323 et
1378 294 1481 336 rex,

107 333 112 338 ’
157 336 215 375 Et
242 336 445 390 quidquid
473 336 602 376 volet.
630 337 748 385 Hoc,
776 337 910 377 velutt
938 336 1092 376 virtute
1119 344 1335 391 paratum,

159 390 355 442 Spei-avit
382 403 558 443 magnae
588 390 703 429 laudi
730 389 838 430 fore.
868 390 984 452 Quid
1010 389 1143 430 simile
1173 389 1244 429 isti

158 444 347 483 Graecus
376 443 636 496 Aristippus,
665 443 737 498 qui
766 458 913 484 servos
941 443 1152 496 proiicere
1179 457 1328 483 aurum
1405 455 1480 483 mo

157 498 203 536 In
231 497 367 536 media
395 496 514 535 iussit
541 495 692 549 Libya,
778 498 818 536 ia
842 497 1000 537 tardius
1028 497 1138 537 irent

156 552 343 603 Propter
371 563 475 590 onus
503 549 685 604 segnes?
751 560 817 590 ter
845 559 910 590 est
935 550 1117 590 insanior
1141 547 1322 590 horum?

156 605 223 644 Nil
252 605 336 657 agit
368 604 630 657 exemplum,
658 604 775 644 litem
804 604 919 660 quod
946 604 1019 643 lite
1046 604 1235 645 resolvit.

158 658 204 697 Si
231 658 324 713 quis
354 665 465 696 emat
494 657 710 708 citharas,
725 667 855 698 emtas
884 665 1124 711 comportet
1149 657 1193 698 in
1220 669 1377 708 unum,

156 714 246 751 Nec
273 710 412 750 studio
442 711 626 750 citharae
649 725 728 751 nec
752 713 896 751 Musae
927 710 1093 750 deditus
1120 711 1220 762 ulli;
1405 708 1480 749 105

158 765 204 804 Si
232 765 393 818 scalpra
423 774 466 805 et
492 764 654 803 formas
682 778 765 804 non
791 773 935 815 sumi-3
961 764 1127 804 nautica
1153 763 1252 807 vela

158 819 345 858 Aversus
374 818 643 858 mercatui-ist
674 818 832 857 delirus
859 826 904 858 et
933 825 1076 857 amens

157 873 350 927 Undique
381 871 544 912 dicatur
570 871 737 911 merito.
766 872 855 934 Qui
883 871 1096 924 discrepat
1121 871 1231 922 istis,
1296 918 1299 921 Γ

161 925 248 983 Qui
275 939 466 965 nummos
496 939 728 979 aurumque
753 925 970 975 recondit,
996 925 1161 965 nescius
1189 923 1254 965 uti

159 978 436 1032 Compositis,
462 986 740 1033 metuensque
770 979 887 1019 velut
915 979 1162 1033 contingere
1189 975 1386 1020 sacrum?
1407 990 1482 1018 no

158 1035 204 1073 Si
232 1034 323 1088 quis
353 1032 404 1070 ad
432 1032 646 1086 ingentem
674 1032 875 1072 frumenti
903 1045 1073 1086 semper
1098 1045 1298 1072 acervum

156 1089 387 1127 Porrectus
415 1086 563 1140 vigilet
594 1099 691 1125 cum
717 1086 846 1140 longo
878 1084 1015 1136 fuste,
1045 1099 1185 1140 neque
1208 1085 1323 1125 illinc

156 1140 324 1180 Audeat
352 1140 539 1178 esuriens
570 1138 761 1177 (lominus
790 1139 1038 1192 contingere
1065 1151 1266 1199 granum,

157 1195 220 1233 Ac
248 1190 388 1246 potius
416 1191 530 1231 foliis
555 1204 708 1243 parcus
736 1200 931 1230 vescatur
955 1205 1127 1243 amar1s3

158 1247 203 1287 Si
230 1245 376 1299 positis
399 1245 509 1283 intus
541 1244 634 1283 Chii
660 1243 901 1298 veterisque
928 1244 1097 1283 Falerni
1405 1244 1480 1284 115

157 1300 273 1340 Mille
303 1298 437 1348 cadis,
467 1297 570 1337 nihil
601 1305 687 1346 est,
714 1304 950 1336 tercentum
976 1296 1182 1348 millibus,
1210 1310 1308 1337 acre

156 1355 286 1393 Potet
314 1360 499 1402 acetum3
528 1364 629 1405 age,
656 1350 691 1389 si
719 1358 762 1389 et
788 1350 1026 1389 stramentis
1053 1350 1227 1391 incubet
1254 1351 1386 1391 unde-

159 1405 386 1459 Octoginta
413 1417 541 1443 annos
571 1412 710 1453 natus,
741 1403 809 1442 cui
838 1404 1024 1457 stragula
1054 1404 1203 1455 vestis,

156 1461 390 1500 Blattarum
419 1471 466 1497 ac
493 1457 699 1496 tinearum
728 1457 900 1509 epulae,
928 1465 1144 1510 putrescat
1170 1458 1212 1497 in
1237 1470 1354 1498 arca:

157 1513 362 1552 Nimirum
387 1511 552 1550 insanus
581 1510 722 1571 paucis
754 1509 967 1561 videatur,
992 1525 1045 1550 eo
1073 1511 1190 1566 quod
1406 1523 1480 1552 120

158 1567 335 1606 Maxima
361 1579 458 1618 pars
486 1563 700 1602 hommum
727 1562 878 1603 morbo
906 1564 1084 1604 iactatur
1112 1564 1278 1604 eodem.

158 1621 289 1660 Filius
323 1628 393 1658 aut
421 1617 545 1657 etiam
571 1617 676 1656 haec
704 1615 882 1656 libertus
911 1625 958 1656 ut
987 1617 1126 1657 ebibat
1150 1618 1305 1668 heres,

158 1675 235 1713 Dis
262 1673 425 1712 inimice
453 1684 603 1719 seneX,
630 1670 847 1709 custodis?
875 1672 940 1710 Ne
968 1671 1044 1710 tibi
1077 1670 1215 1710 desit?

159 1727 418 1783 Quantulum
447 1724 555 1763 enim
589 1737 774 1763 summae
803 1723 984 1764 curtabit
1010 1724 1187 1780 quisque
1215 1723 1400 1775 dierum,

159 1783 329 1835 Ungere
355 1780 389 1819 si
418 1780 557 1818 caules
587 1777 683 1816 oleo
712 1777 913 1827 meliore,
950 1787 1163 1833 caputque
1405 1776 1478 1816 125

161 1833 364 1887 Coeperis
395 1832 559 1884 impexa
586 1830 761 1870 foedum
789 1831 1034 1884 porrigine?
1065 1833 1233 1895 Quare,

161 1888 205 1927 Si
263 1887 397 1926 uidvis
429 1886 527 1924 satis
557 1893 643 1935 est,
670 1884 884 1937 periuras,
914 1886 1110 1939 surripis,
1141 1884 1284 1924 aufers

159 1903 383 1995 Undique?
410 1939 495 1979 tun'
523 1937 675 1978 sanus?
703 1939 915 1991 Populum
942 1939 977 1977 si
1008 1939 1188 1979 caedere
1216 1936 1323 1976 saxis

159 1998 333 2052 Incipias
358 2006 590 2048 servosque
618 2000 736 2043 tuos,
766 2006 872 2046 quos
900 2000 999 2034 aere
1022 1992 1203 2048 pararis,

160 2181 207 2189 -
227 2173 265 2195 v.
287 2170 360 2203 ¹27-
386 2157 428 2191 Si
439 2153 586 2202 quodvis
610 2164 699 2186 unus
726 2151 841 2186 codd.
862 2152 971 2186 Bentl.
992 2162 1095 2196 quem
1116 2149 1170 2183 Cl'.
1192 2167 1239 2176 —-
1261 2161 1297 2183 v.
1316 2159 1391 2192 ¹29·
1414 2156 1477 2183 tuo

163 2209 273 2241 Bentl.
303 2217 342 2237 ex
367 2203 461 2237 coni.
486 2202 559 2235 lan.
577 2199 679 2235 Fabri
708 2198 899 2232 Codicibun
921 2200 1012 2233 Feae
1029 2197 1166 2240 firmata
1183 2195 1240 2231 Cf.
1254 2195 1355 2229 Both.
1372 2196 1476 2239 vulg.

162 2263 242 2286 mos
264 2250 318 2284 Cf.
335 2247 460 2282 Heind-
