1526 2404
448 159 678 208 caninum
706 178 791 205 ω.
817 165 900 216 IV,
927 177 964 204 2.
1313 176 1387 218 ¹¹9

591 323 779 364 ctum
810 323 859 363 11.

409 406 489 446 An
525 395 699 446 mmm
730 405 1039 447 ANToNum.

135 493 260 526 Monet
291 492 408 524 lulum
442 492 656 533 Antonium,
689 497 729 523 ut
752 491 946 533 Augu-tum
980 500 1001 521 e
1032 488 1135 521 bello
1169 487 1383 523 Germanico

66 539 235 571 reducem
257 537 414 570 carmine
450 537 639 570 Pindarico
660 537 857 577 gelebret,
887 535 986 567 cuius
1019 533 1164 578 quidem
1196 535 1383 576 granditati

66 583 151 616 dum
174 594 212 616 se
244 583 416 626 imparem
448 593 524 614 esse
557 581 731 622 affirmat,
767 581 912 624 Augusti
944 584 1063 611 tamen
1099 579 1224 613 laudes
1247 585 1285 612 et
1306 580 1383 624 ipse

66 628 357 673 splendidissimis
381 632 416 659 et
443 628 651 670 gravissimis
673 627 829 660 versibus
853 625 1120 670 complectitur.

487 734 493 746 »
519 716 671 749 Meu-um
695 713 919 760 Supplu'cum.

65 796 291 838 Pindarum
318 796 504 852 quisquis
531 795 672 836 studet
703 795 927 847 aemulari,

68 850 183 899 lule,
210 852 360 890 ceratis
390 863 473 904 ope
498 850 712 888 Daedalea

65 904 221 943 Nititur
244 905 413 958 pennis,
440 903 576 942 vitreo
606 902 777 942 daturus

328 956 503 996 Nomina
530 963 676 1010 ponto.

24 1046 26 1048 ’
65 1037 210 1076 Monte
237 1027 467 1077 decurrens
492 1035 611 1076 velut
638 1033 791 1082 amnis,
816 1033 973 1073 imbres
1360 1036 1387 1074 5

65 1089 207 1184 gueni
233 1104 362 1144 super
386 1098 505 1129 notas
532 1089 677 1127 aluere
703 1086 836 1140 ripas,

105 1150 228 1183 ervet
254 1143 564 1197 immensusque
588 1139 674 1180 ruit
698 1138 913 1192 profundo

326 1195 531 1235 Pindarus
557 1207 657 1242 ore,

63 1273 228 1312 Laurea
251 1271 467 1311 donandus
493 1269 749 1324 Apollinari,

64 1325 151 1367 Seu
176 1339 255 1378 per
280 1324 458 1364 audaces
483 1338 592 1363 nova
618 1321 903 1373 dithyrambos
1340 1336 1386 1362 10

63 1378 206 1420 Verba
234 1378 443 1427 devolvit,
470 1379 738 1431 numerisque
770 1374 910 1415 fertur

272 1475 278 1480 ,
324 1432 441 1486 Lege
466 1430 635 1480 solutis;
762 1442 766 1445 ’

66 1506 154 1544 Seu
183 1505 323 1555 Deos,
350 1520 529 1560 regesve
556 1505 687 1554 canit,
716 1504 908 1543 Deorum

64 1557 335 1612 Sanguinem,
362 1574 443 1613 per
469 1573 575 1614 quos
603 1556 798 1597 cecidere
827 1557 935 1595 iusta

63 1612 203 1651 Morte
232 1612 451 1661 Centauri,
477 1611 628 1652 cecidit
655 1609 899 1649 tremendae
1339 1612 1384 1651 15

326 1666 512 1704 Flamma
540 1664 807 1712 Chimaerae3

68 1739 192 1789 Sive,
219 1752 328 1792 quos
355 1737 461 1777 Elea
487 1735 660 1776 domum
690 1737 855 1776 reducit

64 1791 209 1832 Palma
236 1791 470 1840 coelestes,
497 1791 741 1843 pugilemve
768 1803 977 1844 equumve

65 1844 209 1896 Dicit,
235 1853 279 1884 et
308 1852 474 1884 centum
500 1843 670 1896 potiore
697 1842 823 1897 siguis

326 1898 501 1937 Munere
530 1895 678 1946 donat3
1332 1911 1383 1938 20

115 2055 171 2096 11,
193 2067 230 2088 v.
239 2066 270 2088 α.
295 2055 348 2089 De
370 2067 459 2090 voce
473 2054 550 2088 Iule
564 2064 656 2097 non,
680 2061 719 2088 ut
735 2057 843 2100 aliqui
866 2056 1020 2098 faciunt,
1046 2057 1083 2088 in
1098 2056 1172 2089 duo
1188 2057 1382 2089 versiculos

71 2097 300 2134 distrahendo
325 2099 526 2144 (aemulari,
550 2101 624 2133 I-
635 2101 703 2144 ule)
729 2101 783 2134 Cf.
807 2100 976 2134 Iahn.,—
1006 2113 1042 2133 v.
1057 2102 1092 2134 6.
1116 2102 1240 2133 Plures
1265 2101 1382 2134 codd.

73 2144 168 2188 apud
200 2145 312 2178 Bentl.
335 2147 420 2180 lani.
443 2146 558 2178 Vand.
585 2148 703 2188 Quum
734 2159 841 2190 tecper-
870 2154 974 2178 notas
1007 2146 1129 2178 saliere
1164 2147 1219 2178 vel
1242 2147 1380 2178 saluere

73 2190 180 2233 ripas.
204 2188 259 2223 Cr.
282 2190 395 2224 nenu.
415 2208 462 2217 -—-
483 2199 575 2224 totas
597 2199 665 2235 pro
687 2199 791 2224 notas
814 2190 930 2225 Codd.
950 2191 1107 2224 Fabricii
1131 2190 1218 2228 vid.
1240 2192 1324 2223 Pea-
1337 2207 1385 2216 —-
