<?xml version="1.0" encoding="UTF-8"?>
<!DOCTYPE html PUBLIC "-//W3C//DTD XHTML 1.0 Transitional//EN"
    "http://www.w3.org/TR/xhtml1/DTD/xhtml1-transitional.dtd">
<html xmlns="http://www.w3.org/1999/xhtml" xml:lang="en" lang="en">
 <head>
  <title>
</title>
<meta http-equiv="Content-Type" content="text/html;charset=utf-8" />
  <meta name='ocr-system' content='tesseract 3.04.00' />
  <meta name='ocr-capabilities' content='ocr_page ocr_carea ocr_par ocr_line ocrx_word'/>
</head>
<body>
  <div class='ocr_page' id='page_1' title='image "./operaomnia01horauoft_0158.png"; bbox 0 0 1526 2404; ppageno 0'>
   <div class='ocr_carea' id='block_1_1' title="bbox 128 166 1002 213">
    <p class='ocr_par' dir='ltr' id='par_1_1' title="bbox 128 166 1002 213">
     <span class='ocr_line' id='line_1_1' title="bbox 128 166 1002 213; baseline -0.006 -9"><span class='ocrx_word' id='word_1_1' title='bbox 128 166 200 206; x_wconf 74' lang='lat'><strong>152</strong></span> <span class='ocrx_word' id='word_1_2' title='bbox 565 172 606 213; x_wconf 80' lang='lat' dir='ltr'><strong>Q·</strong></span> <span class='ocrx_word' id='word_1_3' title='bbox 635 170 819 200; x_wconf 65' lang='lat' dir='ltr'><strong>noenu</strong></span> <span class='ocrx_word' id='word_1_4' title='bbox 846 171 1002 199; x_wconf 69' lang='lat' dir='ltr'><strong>nme:</strong></span> 
     </span>
    </p>
   </div>
   <div class='ocr_carea' id='block_1_2' title="bbox 122 251 1456 1238">
    <p class='ocr_par' dir='ltr' id='par_1_2' title="bbox 122 251 1456 1238">
     <span class='ocr_line' id='line_1_2' title="bbox 122 251 1038 327; baseline -0.005 -13"><span class='ocrx_word' id='word_1_5' title='bbox 122 259 330 314; x_wconf 79' lang='lat' dir='ltr'><strong>Parum&#39;ne</strong></span> <span class='ocrx_word' id='word_1_6' title='bbox 354 260 507 327; x_wconf 67' lang='lat' dir='ltr'><strong>cainn‘pis</strong></span> <span class='ocrx_word' id='word_1_7' title='bbox 527 258 662 327; x_wconf 65' lang='lat' dir='ltr'><strong>&#39;atilue</strong></span> <span class='ocrx_word' id='word_1_8' title='bbox 680 251 884 326; x_wconf 67' lang='lat' dir='ltr'><strong>‘Neptuno</strong></span> <span class='ocrx_word' id='word_1_9' title='bbox 905 253 1038 323; x_wconf 71' lang='lat' dir='ltr'><strong>¹super</strong></span> 
     </span>
     <span class='ocr_line' id='line_1_3' title="bbox 176 324 843 379; baseline -0.003 -13"><span class='ocrx_word' id='word_1_10' title='bbox 176 327 334 366; x_wconf 87' lang='lat' dir='ltr'><strong>Fusum</strong></span> <span class='ocrx_word' id='word_1_11' title='bbox 361 335 425 367; x_wconf 84' lang='lat' dir='ltr'><strong>est</strong></span> <span class='ocrx_word' id='word_1_12' title='bbox 449 325 586 367; x_wconf 82' lang='lat' dir='ltr'><strong>Latini</strong></span> <span class='ocrx_word' id='word_1_13' title='bbox 613 324 843 379; x_wconf 83' lang='lat' dir='ltr'>sanguinis,</span> 
     </span>
     <span class='ocr_line' id='line_1_4' title="bbox 123 373 1448 437; baseline -0.003 -16"><span class='ocrx_word' id='word_1_14' title='bbox 123 382 237 427; x_wconf 71' lang='lat' dir='ltr'><strong>Non,</strong></span> <span class='ocrx_word' id='word_1_15' title='bbox 266 387 313 419; x_wconf 93' lang='lat' dir='ltr'><strong>ut</strong></span> <span class='ocrx_word' id='word_1_16' title='bbox 340 381 540 437; x_wconf 81' lang='lat' dir='ltr'><strong>superbas</strong></span> <span class='ocrx_word' id='word_1_17' title='bbox 568 378 734 419; x_wconf 78' lang='lat' dir='ltr'><strong>invidae</strong></span> <span class='ocrx_word' id='word_1_18' title='bbox 763 377 1023 434; x_wconf 72' lang='lat' dir='ltr'>Carthaginis</span> <span class='ocrx_word' id='word_1_19' title='bbox 1421 373 1448 413; x_wconf 87' lang='grc'><strong>5</strong></span> 
     </span>
     <span class='ocr_line' id='line_1_5' title="bbox 177 435 720 483; baseline 0 -11"><span class='ocrx_word' id='word_1_20' title='bbox 177 435 388 474; x_wconf 81' lang='lat' dir='ltr'><strong>Romanus</strong></span> <span class='ocrx_word' id='word_1_21' title='bbox 415 448 532 475; x_wconf 83' lang='lat' dir='ltr'><strong>arces</strong></span> <span class='ocrx_word' id='word_1_22' title='bbox 553 440 720 483; x_wconf 82' lang='lat' dir='ltr'><strong>ureret,</strong></span> 
     </span>
     <span class='ocr_line' id='line_1_6' title="bbox 123 484 1043 529; baseline 0 -4"><span class='ocrx_word' id='word_1_23' title='bbox 123 486 303 526; x_wconf 77' lang='lat' dir='ltr'><strong>Intaetus</strong></span> <span class='ocrx_word' id='word_1_24' title='bbox 334 497 404 528; x_wconf 81' lang='lat' dir='ltr'><strong>aut</strong></span> <span class='ocrx_word' id='word_1_25' title='bbox 430 488 652 529; x_wconf 83' lang='lat' dir='ltr'><strong>Britannus</strong></span> <span class='ocrx_word' id='word_1_26' title='bbox 688 495 737 526; x_wconf 87' lang='lat' dir='ltr'><strong>ut</strong></span> <span class='ocrx_word' id='word_1_27' title='bbox 764 484 1043 526; x_wconf 81' lang='lat' dir='ltr'><strong>descenderet</strong></span> 
     </span>
     <span class='ocr_line' id='line_1_7' title="bbox 179 540 662 592; baseline 0 -13"><span class='ocrx_word' id='word_1_28' title='bbox 179 541 308 581; x_wconf 83' lang='lat' dir='ltr'><strong>Sacra</strong></span> <span class='ocrx_word' id='word_1_29' title='bbox 333 550 545 582; x_wconf 84' lang='lat' dir='ltr'><strong>catenatus</strong></span> <span class='ocrx_word' id='word_1_30' title='bbox 574 540 662 592; x_wconf 82' lang='lat' dir='ltr'><strong>via3</strong></span> 
     </span>
     <span class='ocr_line' id='line_1_8' title="bbox 126 591 1105 646; baseline -0.004 -12"><span class='ocrx_word' id='word_1_31' title='bbox 126 594 212 634; x_wconf 87' lang='lat' dir='ltr'><strong>Sed</strong></span> <span class='ocrx_word' id='word_1_32' title='bbox 238 602 307 646; x_wconf 78' lang='lat' dir='ltr'><strong>ut,</strong></span> <span class='ocrx_word' id='word_1_33' title='bbox 337 596 567 636; x_wconf 87' lang='lat' dir='ltr'><strong>secundum</strong></span> <span class='ocrx_word' id='word_1_34' title='bbox 592 603 692 634; x_wconf 84' lang='lat' dir='ltr'><strong>vota</strong></span> <span class='ocrx_word' id='word_1_35' title='bbox 717 591 972 643; x_wconf 81' lang='lat' dir='ltr'><strong>Parthorum</strong></span> <span class='ocrx_word' id='word_1_36' title='bbox 989 621 1003 642; x_wconf 84' lang='lat'>‚</span> <span class='ocrx_word' id='word_1_37' title='bbox 1018 591 1105 631; x_wconf 75' lang='lat' dir='ltr'><strong>&#39;sua</strong></span> 
     </span>
     <span class='ocr_line' id='line_1_9' title="bbox 178 645 1450 704; baseline -0.002 -17"><span class='ocrx_word' id='word_1_38' title='bbox 178 647 288 688; x_wconf 88' lang='lat' dir='ltr'><strong>Urbs</strong></span> <span class='ocrx_word' id='word_1_39' title='bbox 315 649 420 690; x_wconf 88' lang='lat' dir='ltr'><strong>haec</strong></span> <span class='ocrx_word' id='word_1_40' title='bbox 446 650 610 704; x_wconf 78' lang='lat' dir='ltr'><strong>periret</strong></span> <span class='ocrx_word' id='word_1_41' title='bbox 635 645 839 688; x_wconf 83' lang='lat' dir='ltr'><strong>dextera?</strong></span> <span class='ocrx_word' id='word_1_42' title='bbox 1405 649 1450 680; x_wconf 83' lang='lat'><strong>10</strong></span> 
     </span>
     <span class='ocr_line' id='line_1_10' title="bbox 125 697 1107 766; baseline -0.005 -25"><span class='ocrx_word' id='word_1_43' title='bbox 125 702 369 764; x_wconf 24' lang='lat' dir='ltr'><strong>Nequefhic</strong></span> <span class='ocrx_word' id='word_1_44' title='bbox 397 704 506 766; x_wconf 75' lang='lat' dir='ltr'><strong>lupis</strong></span> <span class='ocrx_word' id='word_1_45' title='bbox 534 717 646 751; x_wconf 78' lang='lat' dir='ltr'><strong>mos,</strong></span> <span class='ocrx_word' id='word_1_46' title='bbox 674 714 752 741; x_wconf 88' lang='lat' dir='ltr'><strong>nec</strong></span> <span class='ocrx_word' id='word_1_47' title='bbox 779 700 862 740; x_wconf 84' lang='lat' dir='ltr'><strong>fuit</strong></span> <span class='ocrx_word' id='word_1_48' title='bbox 888 697 1107 750; x_wconf 77' lang='lat' dir='ltr'><strong>leonibus,</strong></span> 
     </span>
     <span class='ocr_line' id='line_1_11' title="bbox 180 753 899 812; baseline -0.007 -16"><span class='ocrx_word' id='word_1_49' title='bbox 180 757 392 812; x_wconf 72' lang='lat' dir='ltr'><strong>Unquam,</strong></span> <span class='ocrx_word' id='word_1_50' title='bbox 419 758 498 797; x_wconf 88' lang='lat' dir='ltr'><strong>n1si</strong></span> <span class='ocrx_word' id='word_1_51' title='bbox 523 757 566 796; x_wconf 92' lang='lat' dir='ltr'><strong>in</strong></span> <span class='ocrx_word' id='word_1_52' title='bbox 593 755 753 809; x_wconf 80' lang='lat' dir='ltr'>dispar,</span> <span class='ocrx_word' id='word_1_53' title='bbox 781 753 899 795; x_wconf 87' lang='lat' dir='ltr'><strong>feris.</strong></span> 
     </span>
     <span class='ocr_line' id='line_1_12' title="bbox 126 804 1078 864; baseline -0.007 -15"><span class='ocrx_word' id='word_1_54' title='bbox 126 811 321 851; x_wconf 68' lang='lat' dir='ltr'><strong>Fui-orne</strong></span> <span class='ocrx_word' id='word_1_55' title='bbox 347 824 520 861; x_wconf 82' lang='lat' dir='ltr'><strong>caecus,</strong></span> <span class='ocrx_word' id='word_1_56' title='bbox 548 824 599 850; x_wconf 87' lang='lat' dir='ltr'><strong>an</strong></span> <span class='ocrx_word' id='word_1_57' title='bbox 624 809 734 864; x_wconf 84' lang='lat' dir='ltr'><strong>rapit</strong></span> <span class='ocrx_word' id='word_1_58' title='bbox 758 808 820 848; x_wconf 85' lang='lat' dir='ltr'><strong>vis</strong></span> <span class='ocrx_word' id='word_1_59' title='bbox 846 804 1013 847; x_wconf 82' lang='lat' dir='ltr'><strong>acrior?</strong></span> <span class='ocrx_word' id='word_1_60' title='bbox 1045 839 1048 842; x_wconf 86' lang='lat'>.</span> <span class='ocrx_word' id='word_1_61' title='bbox 1073 839 1078 842; x_wconf 81' lang='lat'>.</span> 
     </span>
     <span class='ocr_line' id='line_1_13' title="bbox 181 861 916 918; baseline -0.003 -16"><span class='ocrx_word' id='word_1_62' title='bbox 181 864 245 903; x_wconf 87' lang='lat' dir='ltr'><strong>An</strong></span> <span class='ocrx_word' id='word_1_63' title='bbox 271 863 425 918; x_wconf 83' lang='lat' dir='ltr'><strong>culpa?</strong></span> <span class='ocrx_word' id='word_1_64' title='bbox 452 876 703 918; x_wconf 85' lang='lat' dir='ltr'><strong>responsum</strong></span> <span class='ocrx_word' id='word_1_65' title='bbox 727 861 836 901; x_wconf 84' lang='lat' dir='ltr'><strong>date.</strong></span> <span class='ocrx_word' id='word_1_66' title='bbox 861 883 916 890; x_wconf 91' lang='lat'><strong>—-</strong></span> 
     </span>
     <span class='ocr_line' id='line_1_14' title="bbox 129 910 1454 971; baseline -0.005 -16"><span class='ocrx_word' id='word_1_67' title='bbox 129 919 286 956; x_wconf 79' lang='lat' dir='ltr'><strong>Tacent</strong></span> <span class='ocrx_word' id='word_1_68' title='bbox 296 932 308 969; x_wconf 83' lang='lat'><em>3</em></span> <span class='ocrx_word' id='word_1_69' title='bbox 338 926 381 958; x_wconf 90' lang='lat' dir='ltr'><strong>et</strong></span> <span class='ocrx_word' id='word_1_70' title='bbox 409 931 483 957; x_wconf 87' lang='lat' dir='ltr'><strong>ora</strong></span> <span class='ocrx_word' id='word_1_71' title='bbox 508 917 644 971; x_wconf 85' lang='lat' dir='ltr'><strong>pallor</strong></span> <span class='ocrx_word' id='word_1_72' title='bbox 669 914 785 955; x_wconf 84' lang='lat' dir='ltr'><strong>albus</strong></span> <span class='ocrx_word' id='word_1_73' title='bbox 814 911 966 962; x_wconf 85' lang='lat' dir='ltr'><strong>inficit,</strong></span> <span class='ocrx_word' id='word_1_74' title='bbox 1311 947 1314 950; x_wconf 76' lang='grc'>,</span> <span class='ocrx_word' id='word_1_75' title='bbox 1406 910 1454 949; x_wconf 80' lang='lat'><strong>15</strong></span> 
     </span>
     <span class='ocr_line' id='line_1_15' title="bbox 181 971 881 1026; baseline -0.003 -17"><span class='ocrx_word' id='word_1_76' title='bbox 181 971 427 1026; x_wconf 75' lang='lat' dir='ltr'><strong>Montesque</strong></span> <span class='ocrx_word' id='word_1_77' title='bbox 455 971 676 1026; x_wconf 82' lang='lat' dir='ltr'><strong>perculsae</strong></span> <span class='ocrx_word' id='word_1_78' title='bbox 701 976 881 1023; x_wconf 84' lang='lat' dir='ltr'><strong>stupent.</strong></span> 
     </span>
     <span class='ocr_line' id='line_1_16' title="bbox 130 1023 1023 1075; baseline -0.002 -14"><span class='ocrx_word' id='word_1_79' title='bbox 130 1023 199 1062; x_wconf 88' lang='lat' dir='ltr'><strong>Sic</strong></span> <span class='ocrx_word' id='word_1_80' title='bbox 229 1032 312 1064; x_wconf 91' lang='lat' dir='ltr'><strong>est:</strong></span> <span class='ocrx_word' id='word_1_81' title='bbox 345 1025 495 1064; x_wconf 82' lang='lat' dir='ltr'><strong>acerba</strong></span> <span class='ocrx_word' id='word_1_82' title='bbox 520 1024 606 1064; x_wconf 85' lang='lat' dir='ltr'><strong>fata</strong></span> <span class='ocrx_word' id='word_1_83' title='bbox 631 1023 844 1063; x_wconf 78' lang='lat' dir='ltr'><strong>Romanos</strong></span> <span class='ocrx_word' id='word_1_84' title='bbox 871 1027 1023 1075; x_wconf 78' lang='lat' dir='ltr'><strong>agunt,</strong></span> 
     </span>
     <span class='ocr_line' id='line_1_17' title="bbox 184 1075 973 1133; baseline 0.001 -19"><span class='ocrx_word' id='word_1_85' title='bbox 184 1076 415 1133; x_wconf 85' lang='lat' dir='ltr'><strong>Scelusque</strong></span> <span class='ocrx_word' id='word_1_86' title='bbox 439 1077 652 1117; x_wconf 83' lang='lat' dir='ltr'>fraternae</span> <span class='ocrx_word' id='word_1_87' title='bbox 681 1075 817 1126; x_wconf 81' lang='lat' dir='ltr'><strong>necis,</strong></span> <span class='ocrx_word' id='word_1_88' title='bbox 967 1090 973 1095; x_wconf 59' lang='lat'><em>¹</em></span> 
     </span>
     <span class='ocr_line' id='line_1_18' title="bbox 131 1127 1017 1171; baseline -0.002 -4"><span class='ocrx_word' id='word_1_89' title='bbox 131 1129 186 1168; x_wconf 90' lang='lat' dir='ltr'><strong>Ut</strong></span> <span class='ocrx_word' id='word_1_90' title='bbox 213 1130 467 1171; x_wconf 84' lang='lat' dir='ltr'><strong>immerentis</strong></span> <span class='ocrx_word' id='word_1_91' title='bbox 494 1130 614 1170; x_wconf 79' lang='lat' dir='ltr'><strong>fluxit</strong></span> <span class='ocrx_word' id='word_1_92' title='bbox 639 1129 681 1167; x_wconf 89' lang='lat' dir='ltr'><strong>in</strong></span> <span class='ocrx_word' id='word_1_93' title='bbox 709 1136 866 1169; x_wconf 81' lang='lat' dir='ltr'><strong>terram</strong></span> <span class='ocrx_word' id='word_1_94' title='bbox 892 1127 1017 1166; x_wconf 84' lang='lat' dir='ltr'><strong>Remi</strong></span> 
     </span>
     <span class='ocr_line' id='line_1_19' title="bbox 185 1183 1456 1238; baseline -0.004 -16"><span class='ocrx_word' id='word_1_95' title='bbox 185 1183 313 1226; x_wconf 84' lang='lat' dir='ltr'><strong>Sacer</strong></span> <span class='ocrx_word' id='word_1_96' title='bbox 338 1184 561 1238; x_wconf 79' lang='lat' dir='ltr'><strong>nepotibus</strong></span> <span class='ocrx_word' id='word_1_97' title='bbox 589 1193 728 1222; x_wconf 85' lang='lat' dir='ltr'><strong>cruor.</strong></span> <span class='ocrx_word' id='word_1_98' title='bbox 1405 1190 1456 1217; x_wconf 82' lang='lat'><strong>20</strong></span> 
     </span>
    </p>
   </div>
   <div class='ocr_carea' id='block_1_3' title="bbox 473 1308 1116 1439">
    <p class='ocr_par' dir='ltr' id='par_1_3' title="bbox 473 1308 1116 1439">
     <span class='ocr_line' id='line_1_20' title="bbox 632 1308 957 1351; baseline -0.003 -3"><span class='ocrx_word' id='word_1_99' title='bbox 632 1308 822 1350; x_wconf 69' lang='lat' dir='ltr'><strong>Cummv</strong></span> <span class='ocrx_word' id='word_1_100' title='bbox 849 1308 957 1351; x_wconf 88' lang='lat' dir='ltr'><strong>VIII.</strong></span> 
     </span>
     <span class='ocr_line' id='line_1_21' title="bbox 473 1397 1116 1439; baseline -0.002 -1"><span class='ocrx_word' id='word_1_101' title='bbox 473 1400 529 1438; x_wconf 91' lang='lat' dir='ltr'><strong>IN</strong></span> <span class='ocrx_word' id='word_1_102' title='bbox 555 1399 713 1439; x_wconf 86' lang='lat' dir='ltr'><strong>ANUM</strong></span> <span class='ocrx_word' id='word_1_103' title='bbox 738 1397 1116 1439; x_wconf 75' lang='lat' dir='ltr'><strong>LIBIDINOSAM.</strong></span> 
     </span>
    </p>
   </div>
   <div class='ocr_carea' id='block_1_4' title="bbox 133 1487 1454 1581">
    <p class='ocr_par' dir='ltr' id='par_1_4' title="bbox 133 1487 1454 1581">
     <span class='ocr_line' id='line_1_22' title="bbox 133 1487 1454 1566; baseline -0.003 -43"><span class='ocrx_word' id='word_1_104' title='bbox 133 1533 156 1566; x_wconf 74' lang='lat' dir='ltr'>d</span> <span class='ocrx_word' id='word_1_105' title='bbox 195 1488 403 1534; x_wconf 71' lang='lat' dir='ltr'><strong>Respondet</strong></span> <span class='ocrx_word' id='word_1_106' title='bbox 426 1491 632 1535; x_wconf 85' lang='lat' dir='ltr'><strong>quaerenti,</strong></span> <span class='ocrx_word' id='word_1_107' title='bbox 655 1498 720 1524; x_wconf 86' lang='lat' dir='ltr'><strong>cur</strong></span> <span class='ocrx_word' id='word_1_108' title='bbox 742 1489 818 1534; x_wconf 86' lang='lat' dir='ltr'><strong>ipse</strong></span> <span class='ocrx_word' id='word_1_109' title='bbox 843 1487 891 1523; x_wconf 80' lang='lat' dir='ltr'><strong>ad</strong></span> <span class='ocrx_word' id='word_1_110' title='bbox 922 1489 1107 1523; x_wconf 85' lang='lat' dir='ltr'><strong>libidinem</strong></span> <span class='ocrx_word' id='word_1_111' title='bbox 1131 1498 1254 1522; x_wconf 86' lang='lat' dir='ltr'><strong>secum</strong></span> <span class='ocrx_word' id='word_1_112' title='bbox 1278 1497 1454 1521; x_wconf 80' lang='lat' dir='ltr'><strong>exercen-</strong></span> 
     </span>
     <span class='ocr_line' id='line_1_23' title="bbox 159 1540 399 1581; baseline 0.013 -14"><span class='ocrx_word' id='word_1_113' title='bbox 159 1545 213 1567; x_wconf 84' lang='lat' dir='ltr'><strong>am</strong></span> <span class='ocrx_word' id='word_1_114' title='bbox 242 1540 399 1581; x_wconf 76' lang='lat' dir='ltr'><strong>torpeat.</strong></span> 
     </span>
    </p>
   </div>
   <div class='ocr_carea' id='block_1_5' title="bbox 651 1605 946 1641">
    <p class='ocr_par' dir='ltr' id='par_1_5' title="bbox 651 1605 946 1641">
     <span class='ocr_line' id='line_1_24' title="bbox 651 1605 946 1641; baseline 0.003 -2"><span class='ocrx_word' id='word_1_115' title='bbox 651 1606 705 1640; x_wconf 68' lang='lat' dir='ltr'><strong>A!</strong></span> <span class='ocrx_word' id='word_1_116' title='bbox 702 1615 819 1641; x_wconf 81' lang='lat' dir='ltr'><strong>etrum</strong></span> <span class='ocrx_word' id='word_1_117' title='bbox 841 1605 946 1641; x_wconf 83' lang='lat' dir='ltr'><strong>idem.</strong></span> 
     </span>
    </p>
   </div>
   <div class='ocr_carea' id='block_1_6' title="bbox 132 1689 1091 1900">
    <p class='ocr_par' dir='ltr' id='par_1_6' title="bbox 132 1689 967 1799">
     <span class='ocr_line' id='line_1_25' title="bbox 132 1689 967 1744; baseline -0.002 -14"><span class='ocrx_word' id='word_1_118' title='bbox 132 1692 303 1744; x_wconf 79' lang='lat' dir='ltr'><strong>Rogare</strong></span> <span class='ocrx_word' id='word_1_119' title='bbox 329 1690 458 1744; x_wconf 82' lang='lat' dir='ltr'><strong>longo</strong></span> <span class='ocrx_word' id='word_1_120' title='bbox 483 1689 672 1743; x_wconf 86' lang='lat' dir='ltr'><strong>putidam</strong></span> <span class='ocrx_word' id='word_1_121' title='bbox 698 1696 742 1728; x_wconf 87' lang='lat' dir='ltr'><strong>te</strong></span> <span class='ocrx_word' id='word_1_122' title='bbox 773 1689 967 1741; x_wconf 87' lang='lat' dir='ltr'><strong>saeculo,</strong></span> 
     </span>
     <span class='ocr_line' id='line_1_26' title="bbox 188 1743 798 1799; baseline -0.005 -14"><span class='ocrx_word' id='word_1_123' title='bbox 188 1745 312 1785; x_wconf 86' lang='lat' dir='ltr'><strong>Vires</strong></span> <span class='ocrx_word' id='word_1_124' title='bbox 339 1744 439 1799; x_wconf 86' lang='lat' dir='ltr'><strong>quid</strong></span> <span class='ocrx_word' id='word_1_125' title='bbox 467 1752 641 1785; x_wconf 85' lang='lat' dir='ltr'><strong>enervet</strong></span> <span class='ocrx_word' id='word_1_126' title='bbox 665 1743 798 1782; x_wconf 87' lang='lat' dir='ltr'><strong>meas!</strong></span> 
     </span>
    </p>

    <p class='ocr_par' dir='ltr' id='par_1_7' title="bbox 135 1795 1091 1900">
     <span class='ocr_line' id='line_1_27' title="bbox 135 1795 1091 1857; baseline -0.002 -20"><span class='ocrx_word' id='word_1_127' title='bbox 135 1798 277 1857; x_wconf 80' lang='lat' dir='ltr'><strong>Quum</strong></span> <span class='ocrx_word' id='word_1_128' title='bbox 305 1797 358 1837; x_wconf 86' lang='lat' dir='ltr'><strong>sit</strong></span> <span class='ocrx_word' id='word_1_129' title='bbox 384 1798 459 1837; x_wconf 82' lang='lat' dir='ltr'><strong>tihi</strong></span> <span class='ocrx_word' id='word_1_130' title='bbox 487 1798 588 1837; x_wconf 87' lang='lat' dir='ltr'><strong>dens</strong></span> <span class='ocrx_word' id='word_1_131' title='bbox 617 1805 727 1846; x_wconf 78' lang='lat' dir='ltr'><strong>ater,</strong></span> <span class='ocrx_word' id='word_1_132' title='bbox 757 1803 800 1836; x_wconf 92' lang='lat' dir='ltr'><strong>et</strong></span> <span class='ocrx_word' id='word_1_133' title='bbox 826 1795 942 1850; x_wconf 85' lang='lat' dir='ltr'><strong>rugis</strong></span> <span class='ocrx_word' id='word_1_134' title='bbox 969 1803 1091 1837; x_wconf 83' lang='lat' dir='ltr'><strong>vetus</strong></span> 
     </span>
     <span class='ocr_line' id='line_1_28' title="bbox 186 1852 1024 1900; baseline -0.001 -10"><span class='ocrx_word' id='word_1_135' title='bbox 186 1852 390 1891; x_wconf 89' lang='lat' dir='ltr'><strong>Frontem</strong></span> <span class='ocrx_word' id='word_1_136' title='bbox 418 1859 611 1891; x_wconf 88' lang='lat' dir='ltr'><strong>senectus</strong></span> <span class='ocrx_word' id='word_1_137' title='bbox 644 1857 810 1900; x_wconf 84' lang='lat' dir='ltr'><strong>exaret,</strong></span> <span class='ocrx_word' id='word_1_138' title='bbox 1021 1856 1024 1857; x_wconf 71' lang='grc'>’</span> 
     </span>
    </p>
   </div>
   <div class='ocr_carea' id='block_1_7' title="bbox 152 1955 399 1963">
    <p class='ocr_par' dir='ltr' id='par_1_8' title="bbox 152 1955 399 1963">
     <span class='ocr_line' id='line_1_29' title="bbox 152 1955 399 1963; baseline 0 0"><span class='ocrx_word' id='word_1_139' title='bbox 152 1955 399 1963; x_wconf 95' lang='lat' dir='ltr'><strong> </strong></span> 
     </span>
    </p>
   </div>
   <div class='ocr_carea' id='block_1_8' title="bbox 136 2007 1459 2285">
    <p class='ocr_par' dir='ltr' id='par_1_9' title="bbox 136 2007 1459 2241">
     <span class='ocr_line' id='line_1_30' title="bbox 179 2007 1452 2056; baseline -0.006 -11"><span class='ocrx_word' id='word_1_140' title='bbox 179 2012 268 2054; x_wconf 86' lang='lat' dir='ltr'><strong>Vn,</strong></span> <span class='ocrx_word' id='word_1_141' title='bbox 283 2025 316 2045; x_wconf 82' lang='lat' dir='ltr'><strong>v.</strong></span> <span class='ocrx_word' id='word_1_142' title='bbox 335 2024 387 2047; x_wconf 73' lang='grc' dir='ltr'><strong>ια.</strong></span> <span class='ocrx_word' id='word_1_143' title='bbox 412 2011 466 2044; x_wconf 86' lang='lat' dir='ltr'><strong>Ita</strong></span> <span class='ocrx_word' id='word_1_144' title='bbox 492 2021 612 2043; x_wconf 83' lang='lat' dir='ltr'><strong>omnes</strong></span> <span class='ocrx_word' id='word_1_145' title='bbox 639 2011 712 2044; x_wconf 80' lang='lat' dir='ltr'><strong>fere</strong></span> <span class='ocrx_word' id='word_1_146' title='bbox 729 2008 849 2045; x_wconf 87' lang='lat' dir='ltr'><strong>Codd.</strong></span> <span class='ocrx_word' id='word_1_147' title='bbox 875 2011 1071 2056; x_wconf 79' lang='lat' dir='ltr'><strong>Nunquam</strong></span> <span class='ocrx_word' id='word_1_148' title='bbox 1086 2019 1105 2042; x_wconf 89' lang='lat' dir='ltr'><strong>e</strong></span> <span class='ocrx_word' id='word_1_149' title='bbox 1121 2007 1297 2042; x_wconf 79' lang='lat' dir='ltr'><strong>veteribus</strong></span> <span class='ocrx_word' id='word_1_150' title='bbox 1315 2007 1452 2050; x_wconf 80' lang='lat' dir='ltr'><strong>aliquot</strong></span> 
     </span>
     <span class='ocr_line' id='line_1_31' title="bbox 136 2052 1454 2104; baseline -0.005 -14"><span class='ocrx_word' id='word_1_151' title='bbox 136 2056 230 2092; x_wconf 88' lang='lat' dir='ltr'><strong>Edd.</strong></span> <span class='ocrx_word' id='word_1_152' title='bbox 268 2058 423 2104; x_wconf 79' lang='lat' dir='ltr'><strong>Usquam</strong></span> <span class='ocrx_word' id='word_1_153' title='bbox 462 2056 552 2090; x_wconf 89' lang='lat' dir='ltr'><strong>Cod.</strong></span> <span class='ocrx_word' id='word_1_154' title='bbox 581 2055 699 2090; x_wconf 85' lang='lat' dir='ltr'><strong>Vand.</strong></span> <span class='ocrx_word' id='word_1_155' title='bbox 732 2057 802 2089; x_wconf 85' lang='lat' dir='ltr'><strong>Pro</strong></span> <span class='ocrx_word' id='word_1_156' title='bbox 833 2055 919 2098; x_wconf 77' lang='lat' dir='ltr'><strong>feris</strong></span> <span class='ocrx_word' id='word_1_157' title='bbox 952 2055 1111 2088; x_wconf 83' lang='lat' dir='ltr'><strong>Lambin.</strong></span> <span class='ocrx_word' id='word_1_158' title='bbox 1145 2065 1164 2087; x_wconf 85' lang='lat' dir='ltr'><strong>e</strong></span> <span class='ocrx_word' id='word_1_159' title='bbox 1188 2052 1304 2085; x_wconf 89' lang='lat' dir='ltr'><strong>Codd.</strong></span> <span class='ocrx_word' id='word_1_160' title='bbox 1329 2063 1454 2097; x_wconf 72' lang='lat' dir='ltr'><strong>genus,</strong></span> 
     </span>
     <span class='ocr_line' id='line_1_32' title="bbox 137 2091 1456 2147; baseline -0.006 -11"><span class='ocrx_word' id='word_1_161' title='bbox 137 2102 303 2147; x_wconf 83' lang='lat' dir='ltr'><strong>idemque</strong></span> <span class='ocrx_word' id='word_1_162' title='bbox 328 2104 540 2137; x_wconf 67' lang='lat' dir='ltr'><strong>vocabulum</strong></span> <span class='ocrx_word' id='word_1_163' title='bbox 566 2103 599 2132; x_wconf 83' lang='lat' dir='ltr'><strong>in</strong></span> <span class='ocrx_word' id='word_1_164' title='bbox 622 2102 760 2134; x_wconf 86' lang='lat' dir='ltr'><strong>duobus</strong></span> <span class='ocrx_word' id='word_1_165' title='bbox 787 2100 904 2136; x_wconf 88' lang='lat' dir='ltr'><strong>Codd.</strong></span> <span class='ocrx_word' id='word_1_166' title='bbox 928 2100 1043 2134; x_wconf 88' lang='lat' dir='ltr'><strong>Vand.</strong></span> <span class='ocrx_word' id='word_1_167' title='bbox 1069 2111 1089 2132; x_wconf 84' lang='lat' dir='ltr'>a</span> <span class='ocrx_word' id='word_1_168' title='bbox 1111 2091 1309 2142; x_wconf 56' lang='lat' dir='ltr'><strong>glossatdre</strong></span> <span class='ocrx_word' id='word_1_169' title='bbox 1347 2106 1456 2141; x_wconf 84' lang='lat' dir='ltr'><strong>super</strong></span> 
     </span>
     <span class='ocr_line' id='line_1_33' title="bbox 137 2141 1459 2194; baseline -0.005 -13"><span class='ocrx_word' id='word_1_170' title='bbox 137 2147 259 2194; x_wconf 73' lang='lat' dir='ltr'><strong>dispar</strong></span> <span class='ocrx_word' id='word_1_171' title='bbox 279 2151 451 2194; x_wconf 82' lang='lat' dir='ltr'><strong>scripturn</strong></span> <span class='ocrx_word' id='word_1_172' title='bbox 477 2154 539 2181; x_wconf 86' lang='lat' dir='ltr'><strong>est.</strong></span> <span class='ocrx_word' id='word_1_173' title='bbox 564 2145 621 2183; x_wconf 81' lang='lat' dir='ltr'><strong>Cf.</strong></span> <span class='ocrx_word' id='word_1_174' title='bbox 647 2150 731 2182; x_wconf 85' lang='lat' dir='ltr'><strong>Fea.</strong></span> <span class='ocrx_word' id='word_1_175' title='bbox 755 2166 800 2172; x_wconf 92' lang='lat'>—</span> <span class='ocrx_word' id='word_1_176' title='bbox 823 2160 853 2180; x_wconf 90' lang='lat' dir='ltr'><strong>v.</strong></span> <span class='ocrx_word' id='word_1_177' title='bbox 882 2149 933 2181; x_wconf 83' lang='lat'><strong>13.</strong></span> <span class='ocrx_word' id='word_1_178' title='bbox 960 2158 1080 2180; x_wconf 84' lang='lat' dir='ltr'><strong>caecos</strong></span> <span class='ocrx_word' id='word_1_179' title='bbox 1099 2145 1213 2178; x_wconf 86' lang='lat' dir='ltr'><strong>Bentl.</strong></span> <span class='ocrx_word' id='word_1_180' title='bbox 1241 2155 1260 2176; x_wconf 91' lang='lat' dir='ltr'><strong>e</strong></span> <span class='ocrx_word' id='word_1_181' title='bbox 1280 2141 1459 2177; x_wconf 83' lang='lat' dir='ltr'><strong>Codd.—</strong></span> 
     </span>
     <span class='ocr_line' id='line_1_34' title="bbox 139 2193 712 2241; baseline -0.002 -14"><span class='ocrx_word' id='word_1_182' title='bbox 139 2206 169 2227; x_wconf 77' lang='lat' dir='ltr'><strong>v-</strong></span> <span class='ocrx_word' id='word_1_183' title='bbox 199 2195 250 2227; x_wconf 82' lang='lat'><strong>16.</strong></span> <span class='ocrx_word' id='word_1_184' title='bbox 271 2206 456 2241; x_wconf 79' lang='lat' dir='ltr'><strong>percussae</strong></span> <span class='ocrx_word' id='word_1_185' title='bbox 485 2193 576 2228; x_wconf 79' lang='lat' dir='ltr'><strong>Cod.</strong></span> <span class='ocrx_word' id='word_1_186' title='bbox 601 2194 712 2229; x_wconf 80' lang='lat' dir='ltr'><strong>Brod.</strong></span> 
     </span>
    </p>

    <p class='ocr_par' dir='ltr' id='par_1_10' title="bbox 183 2232 1442 2285">
     <span class='ocr_line' id='line_1_35' title="bbox 183 2232 1442 2285; baseline -0.008 -13"><span class='ocrx_word' id='word_1_187' title='bbox 183 2240 288 2283; x_wconf 83' lang='lat' dir='ltr'><strong>VIII,</strong></span> <span class='ocrx_word' id='word_1_188' title='bbox 304 2252 336 2275; x_wconf 79' lang='lat' dir='ltr'><strong>v.</strong></span> <span class='ocrx_word' id='word_1_189' title='bbox 355 2252 382 2274; x_wconf 86' lang='lat'><strong>1.</strong></span> <span class='ocrx_word' id='word_1_190' title='bbox 405 2239 584 2285; x_wconf 77' lang='lat' dir='ltr'><strong>putridam</strong></span> <span class='ocrx_word' id='word_1_191' title='bbox 601 2239 694 2274; x_wconf 81' lang='lat' dir='ltr'><strong>cod.</strong></span> <span class='ocrx_word' id='word_1_192' title='bbox 711 2239 840 2272; x_wconf 82' lang='lat' dir='ltr'><strong>Bersm.</strong></span> <span class='ocrx_word' id='word_1_193' title='bbox 863 2256 908 2264; x_wconf 94' lang='lat'>—</span> <span class='ocrx_word' id='word_1_194' title='bbox 934 2250 963 2270; x_wconf 91' lang='lat' dir='ltr'><strong>v.</strong></span> <span class='ocrx_word' id='word_1_195' title='bbox 984 2249 1015 2270; x_wconf 80' lang='lat'><strong>2.</strong></span> <span class='ocrx_word' id='word_1_196' title='bbox 1040 2233 1141 2281; x_wconf 83' lang='lat' dir='ltr'><strong>quod</strong></span> <span class='ocrx_word' id='word_1_197' title='bbox 1161 2246 1226 2280; x_wconf 84' lang='lat' dir='ltr'><strong>pro</strong></span> <span class='ocrx_word' id='word_1_198' title='bbox 1253 2232 1344 2280; x_wconf 79' lang='lat' dir='ltr'><strong>qnid</strong></span> <span class='ocrx_word' id='word_1_199' title='bbox 1368 2233 1442 2265; x_wconf 56' lang='lat' dir='ltr'><strong>lma!</strong></span> 
     </span>
    </p>
   </div>
  </div>
 </body>
</html>
