1526 2404
402 189 631 224 cunnum
658 194 745 223 nm.
776 181 837 232 ss,
868 178 927 222 16.
1283 179 1338 232 67

483 358 699 398 'Clauum
732 356 843 399 XVI.

419 447 507 486 AD
549 433 937 486 GROSPHUM.

75 527 390 575 Tranquilli·atem
416 535 510 566 virae
536 533 655 576 optari
677 532 722 565 ab
748 531 932 573 omnibus3
954 541 1033 564 eam
1053 541 1140 565 vero
1163 540 1237 563 non
1259 540 1349 563 con-

22 575 187 629 gerendis
209 577 351 622 opibus,
374 578 613 612 honoribusve
626 601 637 620 ,
656 575 723 611 sed
740 575 953 611 coercendis
972 575 1231 622 cupiditatibus
1250 586 1350 610 com·

24 632 152 666 parari.

480 684 642 718 Metram
664 683 887 730 Sapphicum,

27 759 172 800 Otium
205 762 338 802 Divos
365 763 558 815 rogat-in
583 760 740 815 patenti

28 814 210 854 Prensus
239 816 434 868 Aegaeo,
465 815 584 854 simul
615 822 702 853 atra
728 814 859 853 nubes
956 840 977 857 5

30 867 226 907 Condidit
258 869 438 916 Lunam,
469 880 607 922 neque
636 874 750 906 certa
775 866 940 920 fulgent

292 920 439 960 Sidera
464 921 595 960 nautis
607 935 620 972 3

30 993 176 1034 Otium
203 993 316 1035 bello
343 996 502 1037 furiosa
529 996 715 1046 Thrace,

33 1047 178 1087 Otium
205 1048 318 1088 Medi
342 1050 536 1104 pharetra
570 1049 739 1098 decori,

38 1099 256 1154 Grospho,
281 1116 366 1142 non
393 1105 565 1157 gemmis
594 1100 731 1156 neque
758 1115 945 1156 purpura
972 1114 1044 1142 ve-

295 1157 388 1196 nale
415 1171 552 1212 neque
579 1169 698 1195 auro.

34 1229 128 1267 Non
156 1229 265 1269 enim
284 1244 412 1284 gazae
438 1236 575 1293 neque
599 1226 834 1271 ‘consularis

37 1280 283 1322 Summovet
309 1283 432 1324 lictor
457 1298 632 1324 mlseros
658 1286 860 1324 tumultus
1317 1291 1364 1318 1⁰

37 1335 208 1385 Mentis,
236 1344 280 1375 et
299 1337 427 1376 Curas
455 1338 494 1377 la
553 1345 643 1378 eata
677 1338 836 1378 circum

304 1392 433 1430 Tecta
458 1405 512 1430 vo
530 1399 658 1431 antes.

1330 993 1358 1032 §n

39 1461 207 1502 Vivitur
231 1477 362 1516 parvo
388 1464 516 1515 bene,
544 1467 612 1506 cui
637 1475 860 1521 paternum

46 1514 248 1567 Splendet
273 1516 314 1555 in
341 1531 483 1558 mensa
508 1521 623 1559 tenui
650 1520 846 1570 sanaturi,

43 1569 131 1607 Nec
163 1568 278 1610 leves
307 1584 473 1611 somnos
501 1573 628 1613 timor
651 1581 724 1612 aut
752 1573 905 1628 cupido
1324 1568 1371 1608 ¹5

308 1623 509 1665 Sordidus
538 1626 691 1667 aufert.

48 1693 162 1749 Quid
195 1694 315 1735 brevi
342 1695 478 1737 fortes
504 1699 731 1739 iaculamur
758 1715 864 1741 aevo

47 1747 209 1788 Multa?
237 1749 337 1803 qujd
363 1758 495 1790 terras
524 1753 603 1792 alio
634 1752 813 1793 calentes⁴

51 1800 151 1840 Sole
175 1802 408 1842 mutamus?
436 1804 600 1844 Patriae
628 1806 719 1860 quis
743 1808 859 1847 exsul

320 1855 376 1895 Se
403 1857 742 1912 quoqueffifugit?
1324 1869 1375 1896 20

124 1990 230 2035 XVI,
264 2006 295 2026 v.
318 2007 346 2028 1.
370 1995 552 2039 impotenti
571 1996 677 2028 unica
699 2006 788 2030 voce
815 1998 954 2037 aliquot
976 1993 1094 2030 Codd„
1118 1993 1175 2030 cf.
1204 1993 1320 2027 Bentl.
1345 1998 1381 2025 et

57 2035 157 2071 Jahn.
182 2056 228 2062 —
258 2052 289 2071 v.
314 2051 347 2072 2.
376 2041 522 2072 Pressas
547 2041 684 2084 aliquot
699 2040 814 2075 Codd.
830 2039 950 2076 Vand.
966 2041 1097 2073 alii.—
1130 2051 1168 2072 v.
1189 2050 1241 2082 17.
1265 2046 1382 2070 sontes

58 2081 219 2114 iaculam-
246 2083 364 2118 Codd.
399 2086 536 2127 aliquot
570 2084 667 2129 apud
690 2085 808 2123 Bentl.
834 2093 869 2120 et
901 2097 974 2119 var.
1000 2086 1086 2118 lect.
1110 2085 1146 2116 in
1168 2094 1241 2116 uno
1266 2081 1383 2116 Vand.

59 2143 105 2150 -—
140 2139 172 2161 v,
196 2130 249 2167 18.
284 2130 349 2164 Vir
382 2129 510 2163 doctus
543 2130 638 2174 apud
670 2129 792 2163 Bentl.
833 2141 1009 2165 mutamus
1039 2129 1198 2175 patr-la?
1229 2129 1384 2170 itemque

62 2173 277 2209 Wakefield.
309 2183 484 2207 mutamus
499 2175 665 2220 patriae?
686 2177 846 2211 distinxit
868 2176 972 2211 Both.
992 2174 1226 2210 inAnnotatt.
1247 2175 1306 2217 qui
1329 2172 1386 2205 Cf·

65 2228 147 2250 cum
170 2219 283 2253 Bentl.
308 2226 344 2254 et
368 2219 468 2255 Jahn.
1418 2222 1428 2231 ³

943 2279 1014 2320 5*
