1526 2404
110 144 185 184 108
566 153 606 194 q.
637 152 823 182 nonu-u
851 151 1011 180 ruem

102 249 366 312 Indignoque
395 247 618 300 pecuniam

145 302 309 341 Hered1
337 309 555 354 properet.
601 300 775 340 Scilicet
801 299 1022 354 improbae

105 355 313 394 Crescunt
342 354 514 393 divitiae
523 368 536 404 3
563 361 704 393 tamen

157 408 314 447 Curtae
342 407 485 446 nescio
514 406 617 462 quid
644 420 816 461 semper
845 406 966 446 abest
994 405 1072 446 rei.

594 532 954 576 CAmmmrXXV.

462 620 572 661 AD
627 622 1080 682 BACCHUM.

167 710 321 744 Carmen
344 709 596 755 dithyrambici
623 713 785 755 generis,
822 722 894 755 quo
916 717 1028 756 poeta
1050 711 1282 745 uberioribus
1299 711 1452 755 Augusti

100 755 270 790 laudibus
297 767 318 788 a
340 767 378 789 se
403 757 572 790 canendis
596 758 817 801 praeludere
842 756 919 789 vult
943 757 1068 790 videri.

311 845 467 879 ,Metram
496 855 538 880 ut
562 848 599 879 in
622 849 786 893 proxime
810 845 1030 881 antecedenti
1052 846 1226 880 Carmine.

102 925 201 987 Quo
230 939 323 977 me,
351 925 549 976 Bacche,
578 929 691 981 rapis
719 929 783 968 tui

155 977 365 1018 Plenum?
408 979 531 1040 Quae
560 994 736 1020 nemora
764 989 836 1020 aut
862 994 971 1037 quos
999 993 1105 1034 agor
1131 979 1174 1022 in
1202 991 1380 1032 specus,

100 1030 242 1074 Velox
269 1038 410 1070 mente
440 1032 582 1071 nova?
614 1034 781 1094 Quibus

155 1084 299 1123 Antris
327 1085 492 1137 egregii
520 1086 711 1125 Caesaris
742 1087 891 1126 audiar
1402 1133 1409 1142 .

99 1136 335 1175 Aeternum
363 1137 570 1176 meditans
605 1139 735 1177 decus
1421 1138 1448 1178 5

155 1189 296 1228 stellis
325 1190 516 1228 inserere
546 1199 589 1229 et
620 1192 796 1231 consilio
830 1190 974 1231 Iovis?

99 1241 249 1281 Dicam
276 1241 462 1295 insigne,
493 1255 668 1291 recens,
699 1243 836 1283 adhuc
1118 1269 1149 1290 ι.

151 1294 359 1334 Indictum
387 1308 463 1333 ore
496 1296 590 1335 alio.
636 1298 732 1336 Non
760 1311 884 1337 secus
913 1297 955 1335 in
982 1296 1095 1350 iugis

98 1347 319 1386 Exsomnis
351 1355 495 1400 stupet
523 1348 675 1400 Evias‚

151 1400 347 1439 Hebrum
374 1401 661 1453 prospiciens,
691 1412 735 1443 et
765 1403 863 1443 nive
892 1400 1133 1442 candidam·
1397 1415 1446 1441 ιο

100 1453 317 1503 Thracen,
347 1467 395 1492 ac
424 1455 536 1504 pede
564 1454 748 1496 barbaro

150 1507 390 1545 Lustratam
417 1507 690 1560 Rhodopen3
719 1517 766 1548 ut
793 1508 896 1548 mihi
924 1507 1063 1553 devio,

99 1559 230 1612 Ripas
259 1567 301 1599 et
329 1572 508 1599 vacuum
537 1575 686 1600 nemus

138 1612 294 1658 ‚Mirari
318 1611 447 1651 libet!
479 1612 518 1653 O
547 1613 759 1654 Naiadum
787 1623 941 1669 potens
1212 1650 1215 1651 γ

98 1665 449 1720 Baccharumque
483 1666 718 1707 valentium
1397 1665 1446 1706 15

99 1815 339 1861 separandum
363 1828 383 1850 a
403 1829 492 1850 voce
512 1820 644 1851 socium
671 1818 727 1853 Cf.
753 1820 868 1852 Bentl.
896 1826 933 1853 et
956 1819 1041 1852 Fea.
1063 1835 1110 1844 --
1144 1816 1297 1863 hospites
1322 1817 1439 1851 Bentl.

97 1875 116 1895 c
141 1864 293 1895 meliore
318 1868 420 1906 parte
447 1861 566 1896 Codd.
592 1865 730 1909 Reliqui
757 1865 935 1910 hospitem.
1298 1872 1300 1874 '
1329 1895 1335 1899 .

161 1917 276 1958 XXV,
298 1930 334 1950 v.
360 1930 391 1952 2.
427 1919 482 1950 Ita
519 1921 690 1952 meliores
724 1918 842 1953 Codd.
869 1926 906 1953 et
928 1925 1012 1952 vett.
1035 1917 1125 1950 Edd.
1158 1918 1260 1952 Aliae
1285 1930 1380 1965 qnae
1403 1919 1442 1951 in

96 1974 250 1995 nemora.
276 1961 358 1996 Vid.
381 1964 503 1996 Bentl.
527 1983 572 1990 —-
594 1978 629 1997 v.
657 1966 690 1997 6.
715 1966 860 1997 consilio
893 1967 996 1997 multi
1034 1961 1152 1995 Codd.
1181 1970 1217 1996 et
1238 1970 1323 1996 vett.
1348 1963 1441 1997 Edd.

96 2008 167 2040 Sed
209 2008 294 2039 olim
330 2010 364 2040 in
401 2010 584 2053 plerisque
623 2011 711 2042 Edd.
749 2011 907 2044 concilio,
943 2010 1025 2042 Vid.
1059 2009 1132 2040 Fea
1166 2014 1203 2041 et
1235 2008 1347 2041 Both.
1394 2026 1441 2034 —

98 2064 134 2085 v.
153 2063 204 2085 ια.
232 2053 327 2086 Haec
356 2056 512 2086 omnium
540 2056 614 2088 fere
642 2054 762 2088 Codd.
786 2056 898 2087 lectio
924 2060 999 2095 est;
1034 2053 1097 2086 sed
1132 2054 1330 2097 pleraeque
1355 2053 1438 2086 Edi-

95 2099 211 2130 tioncs
233 2104 407 2140 punctum
432 2105 516 2143 post
534 2100 728 2144 Rhodopen
746 2101 942 2133 collocant.
961 2099 1082 2132 Bentl.
1099 2109 1142 2130 ex
1157 2099 1297 2142 aliquot
1321 2098 1438 2131 Codd.

96 2154 139 2175 ac
161 2141 252 2175 mihi.
277 2143 332 2175 Cf.
359 2143 463 2176 Both.
486 2144 671 2180 Annotatt.
694 2164 740 2172 --
765 2157 795 2177 v.
822 2146 873 2179 13.
897 2145 1008 2190 Ilipas
1032 2144 1167 2189 Ognnes
1191 2141 1309 2177 Codd.
1331 2154 1439 2188 rupes

95 2188 224 2221 Muret.
241 2187 342 2222 vivos
366 2188 487 2223 Bentl.
