1526 2404
497 170 741 202 namnum
763 172 852 200 m·
877 159 909 200 1.
942 171 1002 201 ιο.
1375 162 1430 211 45

639 311 808 353 San-uu
834 311 889 355 X.

168 419 263 455 Octo
275 428 394 453 versus
413 416 497 451 huic
512 418 639 452 satirae
658 420 842 464 praemissi
861 425 895 453 et
918 417 1062 451 diversis
1083 418 1205 451 formis
1226 424 1390 464 typorum
1408 429 1429 452 a

100 465 167 505 reli
217 465 246 498 is
273 464 427 497 distincti
464 462 755 497 desiderabantur
779 465 815 496 in
847 463 1070 496 Editionibus
1098 464 1253 504 Horatii,
1287 475 1329 496 ex
1354 475 1427 508 quo

95 510 150 542 La
200 509 278 542 inus
304 519 365 542 eos
390 509 424 540 in
453 519 514 539 sua
541 507 698 542 editione
728 510 807 541 anni
838 508 923 551 1482
948 520 966 540 e
997 514 1094 541 textu
1119 509 1154 540 in
1181 508 1428 541 adnotationes

99 554 324 598 telegaverat.
358 553 476 584 Secuti
495 558 682 585 sunt-eum
708 553 837 595 Aldus,
865 553 1069 593 Ascensius,
1093 553 1303 595 Lambinus,
1337 554 1427 585 Cru-

100 599 222 645 quius,
245 597 474 637 Torrentius,
511 597 687 630 Bentleius
711 599 781 630 alii.
823 598 940 642 Atque
962 597 1153 629 Lambinus
1182 598 1327 642 quidem
1353 598 1430 630 Hos

102 654 243 684 versus,
277 642 407 685 inquit,
437 642 471 672 si
492 642 572 686 quis
603 654 676 674 non
711 641 805 675 videt
830 654 903 674 non
931 654 1011 677 esser
1034 643 1273 682 Horatianos,
1308 644 1345 674 in
1373 641 1429 674 his

99 687 226 726 ιὶιιινιῑσ
260 697 390 732 parum
433 684 545 725 νίιίειῑ
608 697 783 720 rovocans
811 687 859 719 ad
887 687 1042 728 Mureti,
1079 687 1203 718 Aurati
1219 711 1231 729 ‚
1275 688 1428 719 aliorum

99 731 281 765 iudicium.
326 731 470 771 Plures,
511 735 551 762 ut
608 732 777 773 entleius,
806 733 850 764 ne
879 732 1095 764 mentionem
1127 731 1271 775 quidem
1300 731 1429 764 horum

99 785 262 810 versuum
286 775 459 808 fecerunt.
495 774 673 808 Gesnerus
700 776 842 809 demum
863 787 904 808 ex
931 776 1180 819 antiquissimis
1202 776 1428 808 Editionibus

101 821 223 854 denuo
243 831 304 853 eos
323 819 518 864 protraxit,
543 820 642 863 quod
663 826 697 853 et
723 821 878 853 editores
896 821 1026 864 primi,
1052 821 1156 852 etiam
1174 821 1363 853 Lambinus
1394 827 1430 854 et

100 866 312 900 Torrentius
330 875 391 898 eos
409 864 446 895 in
463 863 656 897 codicibus
675 866 888 909 reperissent
910 871 944 897 et
969 864 1035 896 sibi
1056 865 1121 908 ipsi
1147 866 1174 896 si
1198 876 1271 897 non
1291 866 1335 897 ab
1356 866 1428 898 Ho-

99 911 192 944 ratio
211 916 328 942 tamen
347 915 381 941 et
401 909 583 951 ingenioso
603 915 637 942 et
653 911 797 953 antiquo
820 915 927 953 poeta
945 909 1096 953 profecti
1118 921 1193 942 esse
1214 910 1428 942 viderentur.

102 954 288 990 Genuinos
306 965 381 986 esse
403 954 573 996 peculiari
591 955 784 998 scriptione
800 954 1045 986 demonstrare
1066 954 1200 985 studuit
1219 953 1288 986 lac.
1310 955 1337 985 F
1338 954 1428 986 ried.

101 999 337 1042 Heusingerus
364 997 442 1042 (De
467 998 620 1031 versibus
650 999 881 1038 Horatianis,
916 998 1045 1043 quibus
1075 1011 1180 1044 eques
1205 1000 1430 1042 importatum

102 1044 233 1076 Lua'lii
250 1042 415 1087 defin-tor
426 1041 551 1087 facete
570 1042 838 1083 reprehenditur
849 1067 861 1083 ,
894 1054 1004 1075 caasa
1019 1054 1148 1087 parum
1171 1042 1316 1087 marujies
1324 1052 1359 1075 ta
1385 1043 1429 1076 ab

100 1089 254 1122 Horatio
276 1086 486 1130 abiudicatis
515 1087 690 1133 ubist-nl».
710 1088 827 1132 1759.)
853 1088 1051 1120 rationibus
1069 1089 1200 1132 partim
1222 1099 1263 1120 ex
1285 1089 1325 1120 iis
1346 1089 1430 1132 ipsis

101 1134 232 1178 partim
257 1138 353 1166 extra
372 1132 508 1177 petitis,
531 1144 621 1176 quae
639 1138 757 1165 tamen
783 1132 974 1166 incredulis
998 1133 1050 1164 vix
1073 1132 1321 1176 persuadeant.
1356 1134 1430 1165 Nos

103 1183 201 1211 certe
224 1177 390 1222 quidem,
421 1187 503 1209 cum
527 1178 647 1209 statuit
675 1183 734 1209 aut
756 1177 939 1209 Horatium
968 1176 1031 1209 hos
1058 1188 1175 1210 versus
1204 1179 1331 1210 satirae
1360 1178 1430 1209 iam

102 1223 201 1269 prius
223 1222 358 1267 publici
380 1221 466 1253 iuris
487 1222 601 1255 sactae
623 1228 747 1266 postea
770 1221 970 1262 addidisse,
992 1228 1181 1265 postquam
1199 1223 1432 1266 comperisset

104 1267 276 1305 Catonem
299 1266 576 1299 Grammaticum
598 1267 796 1299 Lucilianas
819 1268 940 1299 satiras
961 1267 1171 1308 emendare,
1201 1273 1258 1298 aut
1278 1267 1432 1298 Librarii

91 1308 316 1355 ‚negligentia
346 1311 381 1342 in
411 1321 485 1342 uno
521 1313 682 1355 exemplo
711 1323 785 1344 esse
815 1312 986 1351 omissos,
1022 1312 1216 1344 sententiae
1247 1313 1321 1343 eius
1359 1322 1432 1343 non

102 1357 213 1399 magis
232 1366 338 1400 quam
358 1356 508 1388 aliorum
525 1355 815 1388 hariolationihus
838 1355 1009 1388 accedere
1028 1367 1226 1399 possumus.
1259 1356 1345 1387 [tut
1362 1355 1432 1388 hoc

53 1436 59 1445 ,
103 1401 166 1442 sit,
183 1399 228 1432 *id
244 1405 339 1433 certe
357 1400 500 1444 quidem
514 1400 616 1433 facile
634 1401 787 1444 patebit,
806 1406 917 1432 totam
932 1399 1058 1432 horum
1077 1411 1238 1433 versuum
1257 1401 1433 1433 rationem

106 1450 141 1479 et
165 1443 322 1489 indolem
345 1455 461 1488 neque
486 1456 566 1477 cum
587 1445 701 1478 verbis
722 1446 850 1489 Nempe
870 1446 1097 1489 incomposito
1122 1451 1188 1478 etc.
1215 1451 1296 1489 apte
1317 1446 1432 1487 coire,

104 1494 222 1532 neque
235 1489 389 1522 ‘omnino
413 1501 494 1522 cum
517 1490 751 1533 subsequente
771 1491 876 1522 satira
898 1501 958 1522 eos
978 1501 1050 1521 uno
1066 1490 1127 1521 filo
1148 1501 1223 1522 esse
1245 1490 1431 1522 deductos.

107 1534 230 1576 Qualis
256 1534 349 1565 enim
378 1534 521 1566 tandem
545 1534 630 1566 haec
653 1541 707 1566 est
733 1535 938 1567 coniunctio
958 1540 991 1566 et
1014 1532 1183 1566 orationis
1202 1545 1407 1578 progressus
1421 1558 1432 1575 ,

107 1578 169 1610 uhi
188 1578 240 1610 sic
262 1577 365 1608 habet
381 1588 390 1610 :
416 1579 532 1618 Quam
546 1577 731 1617 mendosa,
748 1580 881 1617 Lucili,
906 1588 970 1610 ιιια
993 1580 1150 1611 carmina
1166 1582 1255 1619 sint,
1274 1579 1433 1622 probabo

109 1622 244 1654 Catone
261 1629 362 1659 leste,
387 1623 454 1667 qui
473 1633 591 1654 versus
611 1630 693 1654 tuos
714 1622 967 1654 emendaturus
983 1631 1052 1662 est,
1076 1631 1110 1655 et
1131 1632 1222 1655 certe
1239 1624 1359 1656 melius
1378 1623 1434 1655 ille

108 1665 247 1713 qiu'dem
271 1676 379 1709 quam
402 1667 466 1697 iste
485 1666 760 1706 Grammaticus,
783 1669 849 1712 qui
864 1679 955 1710 puer·
971 1669 1117 1699 nonnisi
1129 1668 1216 1700 loris
1239 1676 1273 1700 et
1275 1667 1434 1712 funibus

109 1710 162 1743 ad
169 1711 398 1756 anuiyuorum
408 1718 594 1754 poetarum
607 1710 763 1749 studium
778 1713 861 1754 cogi
871 1719 1023 1754 poterae.
1049 1711 1124 1743 Sed
1139 1721 1181 1744 at
1195 1713 1280 1744 illuc
1296 1711 1435 1743 redeam

110 1755 198 1800 (quo
220 1748 430 1797 tandem?)‚
452 1765 575 1798 nempe
591 1753 659 1787 hoc
678 1754 772 1793 diri,
798 1756 928 1788 Lucilii
952 1767 1071 1788 versus
1095 1758 1324 1801 incomposito
1347 1755 1435 1800 pede
1479 1794 1483 1796 ἓ

109 1811 251 1834 cur-rere
273 1805 339 1831 etc.
376 1799 457 1841 Quo
485 1798 627 1830 tandem
655 1798 746 1832 banc
764 1800 800 1831 in
826 1800 973 1833 exordio
993 1802 1121 1833 satirae
1147 1803 1296 1833 aliorum
1321 1801 1435 1832 homi-

109 1846 195 1877 num
214 1844 444 1883 derisionem,
468 1843 528 1874 ubi
546 1843 708 1876 Horatius
725 1843 794 1877 hoc
809 1846 902 1887 egit,
925 1851 964 1877 ut
989 1846 1082 1883 serie
1101 1846 1271 1878 iudicium
1297 1845 1340 1877 de
1364 1847 1435 1876 Lu-

112 1890 195 1923 cilio
211 1900 313 1920 suum
331 1888 367 1919 in
385 1887 498 1919 Satira
520 1887 580 1918 IV.
595 1889 774 1931 prolatum
792 1884 976 1922 tueretur?
1011 1891 1101 1922 Nam
1121 1891 1271 1932 graviter
1290 1895 1323 1922 et
1341 1890 1435 1921 serio

111 1945 149 1967 se
172 1932 363 1966 defendere
385 1932 529 1975 incipit,
568 1942 647 1963 cum
669 1932 777 1965 dicit:
811 1934 939 1978 Nempe
962 1935 1203 1978 &compositio
1230 1939 1296 1966 etc.
1331 1939 1437 1976 atque

112 1977 182 2011 boc
206 1978 336 2010 serium
354 1975 494 2009 dicendi
520 1987 628 2019 genus
650 1976 694 2008 ad
721 1989 806 2009 ver-s.
826 1979 867 2010 18
890 1990 1017 2021 usque,
1041 1979 1113 2010 imo
1131 1989 1196 2022 per
1221 1984 1330 2010 totam
1354 1978 1437 2009 sati-

111 2032 188 2054 ram
217 2022 429 2054 dominatur.
462 2020 626 2052 Attamen
654 2019 719 2052 hos
740 2032 880 2062 versus,
913 2024 976 2054 etsi
1002 2034 1022 2054 a
1046 2023 1152 2055 satira
1180 2022 1436 2065 segregandos,

114 2065 286 2099 orationis
298 2067 400 2099 color
419 2065 582 2108 antiquos
601 2076 676 2097 esse
689 2065 862 2107 ostendit,
880 2068 1028 2099 multum
1045 2067 1200 2100 diversus
1218 2068 1277 2099 ille
1293 2066 1438 2109 quidem

115 2110 160 2142 ab
178 2111 248 2143 iuis
262 2110 418 2143 versibus
431 2109 610 2142 Aeneidos
630 2109 777 2141 exordio
795 2111 1003 2154 praepositis
1018 2111 1084 2142 Ille
1102 2122 1166 2154 ego
1182 2108 1439 2156 qzu‘q'uondam

117 2159 185 2187 etc·
207 2155 268 2187 ffis
281 2155 374 2188 enim
387 2154 542 2186 versibus
558 2155 759 2186 continetur
772 2153 903 2187 derisio
922 2156 1139 2198 aequalium,
1152 2156 1268 2188 lenior
1282 2155 1439 2194 Catonis,

118 2199 178 2242 qui
193 2198 358 2233 defensor
378 2198 525 2241 Lucilii,
547 2199 703 2231 carmina
723 2198 797 2232 eius
821 2198 1087 2243 emendaturus,
1111 2199 1181 2233 hoc
1198 2200 1277 2244 ipso
1293 2207 1439 2231 munere
