1526 2404
474 154 701 181 mmmmm
733 151 818 178 un.
849 139 887 186 1,
912 138 950 177 3.

48 252 198 301 Navis,
226 261 335 306 quae
361 247 437 288 tibi
464 246 671 287 creditum

102 303 246 345 Debes
275 301 499 355 Virgilium
525 298 674 337 finibus
703 296 875 346 Attici83

51 357 221 399 Reddas
251 355 510 402 incolumen,
537 364 716 405 precor,

102 411 161 450 Et
186 422 332 450 serves
360 407 518 446 animae
547 403 762 444 dimidium
786 413 919 441 meae.

53 464 119 505 nli
142 462 343 503 robur‘et
370 473 440 500 aes
467 457 623 512 triplex

105 516 228 556 Circa
253 522 403 568 pectus
432 519 522 552 erat
535 541 548 562 ‚
576 510 648 566 qui
673 508 870 564 fragilem
895 505 1005 546 truci

55 568 271 612 Commisit
297 566 451 621 pelago
478 572 612 604 ratem
889 608 894 615 .

106 622 272 662 Primus
288 650 300 670 ‚
326 632 406 659 nec
433 617 570 658 timuit
596 615 872 669 praecipitem
898 611 1091 652 Africum

57 677 357 716 Decertantem
384 669 680 726 Aquilonibus,

111 730 203 768 Nec
228 725 368 767 tristes
396 723 586 776 Hyadas,
612 735 692 761 nec
719 720 879 760 rabiem
905 717 1024 770 Noti,

56 780 156 843 Quo
176 794 260 820 non
286 777 445 817 arbiter
472 775 656 815 Hadriae

107 833 264 887 Major,
296 831 451 870 tollere
476 843 553 868 seu
579 840 741 880 ponere
770 824 861 866 vult
885 822 1011 863 freta.

15 910 18 911 ⁷
58 887 199 947 Quem
224 883 372 924 Mortis
403 882 539 921 timuit
567 880 765 934 gradum,

154 938 197 977 ui
223 936 342 976 siccis
371 935 502 973 oculis
531 940 716 972 monstra
739 930 941 981 natantia,

102 1006 147 1031 m
178 989 280 1030 vidit
301 1001 416 1027 mare
442 987 657 1040 turgidum
687 993 730 1024 et

101 1042 291 1084 hfames
317 1053 390 1080 sco
421 1040 514 1080 ulos
536 1035 878 1079 Acroceraunia?

60 1099 124 1137 Ne
198 1096 350 1150 dquam
419 1106 493 1132 eus
520 1087 694 1131 abscidit

203 1148 305 1188 dens
334 1146 508 1187 Oceano
535 1143 785 1184 dissociabili

62 1205 236 1252 Terras,
264 1201 300 1240 si
325 1208 464 1239 tamen
493 1199 644 1252 impiae

113 1257 208 1295 Non
234 1252 444 1307 tangenda
470 1260 581 1291 rates
614 1250 869 1291 transsiliunt
895 1248 1012 1288 vada.

63 1308 214 1349 Audax
240 1307 376 1347 omnia
415 1305 583 1358 perpeti
794 1307 801 1316 ’

102 1361 231 1401 ‚Gens
256 1360 435 1399 humana
461 1358 545 1397 ruit
570 1371 650 1411 per
677 1357 852 1397 vetitum
880 1355 1013 1396 nefas.

65 1414 213 1454 Audax
243 1414 285 1452 Ia
317 1412 374 1451 eti
406 1424 537 1465 genus

118 1468 262 1521 Ignem
285 1427 440 1505 {raude
466 1464 572 1502 mala
599 1463 793 1519 gentibus
821 1462 980 1502 intulit:

69 1521 171 1559 Post
197 1519 336 1558 ionem
363 1517 548 1557 aetheria
574 1517 700 1556 domo

121 1550 383 1611 Subductum
407 1570 561 1609 Macies
590 1578 634 1609 et
662 1583 773 1611 nova
803 1568 1005 1609 Febrium

68 1625 210 1665 Terris
238 1624 426 1664 incubuit
445 1622 597 1663 cohors
607 1637 620 1674 ;
692 1620 694 1625 ’

121 1677 363 1731 Semotique
390 1677 505 1729 prius
532 1677 652 1715 tarda
677 1676 912 1716 Necessitas

69 1728 164 1770 Leti
183 1730 387 1784 corripuit
411 1728 598 1784 gradum.

125 1784 336 1836 Expertus
363 1795 541 1822 vacuum
566 1782 777 1822 Daedalus
805 1785 902 1822 aera

69 1837 221 1875 Pennis
247 1850 332 1875 non
349 1834 507 1874 homini
533 1833 650 1874 datis..

122 1889 322 1942 Perrupit
348 1889 587 1928 Acheronta
616 1888 851 1928 Herculeus
881 1887 1014 1928 labor.

1328 132 1371 172 13

1331 516 1377 542 10

1333 768 1448 808 15¹

1334 1568 1388 1607 30

1336 1833 1390 1874 35

139 2034 175 2054 v.
202 2023 235 2055 8.
274 2021 321 2053 Ut
341 2029 409 2064 pro
433 2028 466 2051 et
487 2019 559 2051 Fea
582 2030 601 2051 e
626 2030 646 2052 α
671 2019 786 2052 codd.
811 2038 856 2044 —·
888 2031 923 2051 v.
945 2018 994 2050 18.
1019 2018 1120 2049 rectis
1144 2015 1253 2048 oculis
1275 2014 1388 2046 Benu.

74 2067 167 2098 coni.
192 2063 464 2109 Doering.fi1is
489 2063 579 2096 ocul.
603 2083 649 2088 —
680 2076 716 2096 v.
736 2076 786 2107 ¹9·
812 2063 987 2096 turbidum
1008 2062 1122 2093 codd.
1146 2061 1283 2093 Bersm.
1309 2060 1388 2097 alii,

76 2110 194 2143 Bentl.
218 2129 263 2135 —
286 2123 321 2142 v.
341 2119 395 2143 20.
420 2109 494 2142 alm
509 2109 682 2141 Ceraunia
697 2109 842 2142 Baiter.
868 2121 886 2141 e
911 2108 1027 2139 codd.
1053 2107 1248 2145 Lactanfii,
1274 2116 1294 2136 a
1318 2114 1389 2146 quo

75 2153 133 2187 hic
156 2156 258 2188 locus
281 2155 455 2187 laudatur.
479 2154 534 2185 Cf.
559 2154 672 2186 Bentl.
697 2174 743 2180 —
763 2167 799 2187 v.
819 2165 874 2187 22.
898 2151 1123 2186 dsssociabdassv
1146 2151 1260 2182 Benu.
1280 2147 1390 2181 disso-

77 2199 211 2232 ciabiles
235 2201 318 2233 Fea.
345 2199 400 2231 Cf.
420 2197 616 2232 Mitscherl.
