1526 2404
143 159 215 199 130
589 169 628 208 Q,
658 168 841 195 uonA'rn
871 166 1026 193 rmccn

137 265 316 306 Infernis
341 279 482 321 neque
512 266 629 305 enim
648 263 834 305 tenebris
861 265 994 304 Diana
1020 264 1219 318 pudicum
1415 267 1467 306 25

189 320 362 359 Liberat
389 320 663 374 Hippolytum
683 348 695 370 ‚

136 375 225 414 Nec
253 374 437 414 Lethaea
466 373 578 414 valet
605 373 794 413 Theseus
822 372 1074 426 abrumpere
1102 384 1200 412 caro

189 426 366 472 Vincula
395 427 601 468 Pirithoo.

669 549 858 588 CAmva
885 545 993 588 VIII.

509 634 598 674 AD
645 632 1099 673 CENSORINUM.

206 721 250 753 Se
274 731 346 753 non
371 721 437 753 nisi
461 721 621 753 carmina
645 729 750 763 posse
782 720 903 752 amicis
926 718 1083 762 donare3
1116 717 1183 754 sed
1211 720 1297 754 nihil
1323 722 1364 755 iis
1389 734 1465 757 esse

137 767 322 812 Potentius
347 766 393 798 ad
414 768 566 799 nominis
586 771 624 798 et
644 767 782 808 gloriae
806 771 987 798 aeternam
1003 766 1212 799 memoriam
1229 766 1465 803 efficiendam.

668 858 824 891 Metram
850 856 879 891 Ι.
905 868 918 889 ι
926 881 936 892 .

137 939 354 978 Donarem
380 947 547 993 pateras
577 947 782 994 grataque
811 937 1082 990 commodus,

140 992 393 1043 Censorino,
421 992 524 1032 meis
552 1007 649 1032 aera
677 990 910 1043 sodalibus3

136 1046 355 1084 Donarem
380 1046 591 1100 tripodem,
620 1045 804 1100 praemia
833 1044 1010 1084 fortium

138 1098 388 1150 Graiorum3
417 1114 555 1154 neque
585 1108 632 1139 tu
660 1099 840 1152 pessima
865 1111 1086 1137 munerum

137 1151 318 1201 Ferres,
347 1151 476 1192 divite
503 1167 571 1191 me
601 1153 759 1191 scilicet
789 1152 961 1199 artium,

138 1204 254 1261 Quas
285 1214 355 1244 aut
383 1205 629 1244 Parrhasius
657 1204 857 1258 protulit,
887 1211 956 1242 aut
984 1202 1165 1256 Scopas,

140 1259 222 1298 Hic
250 1272 372 1308 saxo,
405 1259 572 1314 liquidis
601 1259 671 1298 ille
701 1256 912 1297 coloribus

140 1312 300 1352 Sollers
328 1326 436 1352 nunc
463 1313 675 1351 hominem
701 1324 886 1365 ponere,
913 1323 1022 1349 nunc
1050 1311 1202 1350 Deum,

138 1365 225 1405 Sed
252 1379 335 1404 non
362 1365 468 1405 haec
497 1366 597 1405 mihi
625 1366 711 1414 vi87
738 1377 816 1403 nec
846 1362 922 1402 tibi
952 1363 1097 1402 talium

136 1420 224 1458 Res
255 1426 319 1457 est
347 1427 417 1458 aut
444 1419 600 1458 animus
631 1418 872 1459 deliciarum
903 1430 1044 1470 egenS.
1421 1433 1467 1460 10

139 1472 307 1511 Gaudes
336 1473 606 1512 carminibus:
638 1471 818 1512 carmina
843 1483 1065 1524 possumus

137 1525 332 1574 Donare.,
362 1534 405 1564 et
430 1527 614 1578 pretium
643 1526 784 1565 dicere
815 1524 988 1563 muneri.

137 1581 231 1618 Non
260 1578 387 1617 incisa
410 1579 518 1618 nolis
548 1593 757 1618 marmora
792 1577 992 1632 publicis,

136 1633 223 1671 Per
245 1646 350 1686 quae
373 1632 540 1685 spiritus
570 1641 612 1672 ct
643 1633 723 1672 vita
750 1632 860 1672 redit
887 1631 1004 1670 bonis

137 1686 242 1724 Post
270 1693 449 1724 mortem
478 1686 652 1725 (lucibus
668 1701 679 1738 3
708 1700 791 1725 non
820 1686 982 1726 celeres
1010 1683 1163 1738 fugae,
1419 1685 1466 1725 15

138 1738 427 1792 Reiectaeque
461 1748 696 1778 retrorsum
725 1738 964 1778 Hannibalis
994 1738 1150 1789 minae⁷

136 1793 232 1831 Non
259 1791 448 1830 incendia
475 1793 734 1846 Carthaginis
762 1793 935 1847 impiae,

138 1844 265 1894 Eius,
294 1844 365 1899 qui
394 1844 549 1885 domita
577 1860 728 1886 nomen
759 1846 809 1884 al)
839 1846 985 1886 Africa

138 1899 345 1937 Lucratus
372 1899 523 1951 rediit,
552 1900 702 1940 clarius
731 1900 915 1940 indicant

1441 1153 1468 1192 §a

207 2039 312 2082 VIII,
338 2053 370 2073 v.
400 2051 431 2073 ι.
470 2038 655 2073 commodis
690 2039 791 2072 multi
819 2039 935 2072 Codd.
967 2060 1011 2066 —
1047 2052 1082 2073 v.
1107 2051 1157 2073 12.
1183 2041 1334 2072 muneris
1359 2039 1464 2076 multi

139 2087 256 2119 Codd.
288 2086 351 2119 sed
381 2087 501 2131 plures
535 2087 628 2129 iique
661 2086 829 2118 meliores
853 2088 1003 2119 muneri.
1032 2085 1113 2119 vid.
1138 2085 1260 2120 Bentl.
1283 2104 1329 2110 —
1351 2098 1382 2120 v.
1413 2097 1464 2129 ις.

139 2134 271 2165 Totum
295 2142 433 2164 versum
458 2132 572 2164 deleri
597 2130 697 2163 iubet
721 2130 838 2165 Bentl.
862 2131 1039 2177 impendia
1071 2142 1137 2176 pro
1175 2129 1335 2163 incendia
1369 2133 1463 2164 coni.

141 2175 292 2222 Cuning.
317 2176 488 2222 stipendia
513 2176 606 2209 coni.
633 2182 671 2212 et
694 2178 730 2210 in
756 2182 895 2212 textum
926 2177 1065 2221 recepit
1087 2177 1253 2219 Doering.
1285 2175 1357 2211 Sed
1381 2173 1464 2210 vid.

139 2223 221 2258 Fea.
