1526 2404
477 142 705 169 emmaum
737 141 822 166 mn.
851 128 931 177 lv,
958 128 998 166 ὁ.

594 255 781 294 CAmmn
815 255 885 297 Vl.

472 343 561 383 AD
594 341 1004 384 APOLLINEM.

393 434 547 468 Can-mini
572 433 724 466 seculari
747 430 932 478 praeludit
952 430 1076 476 poeta.

545 523 698 556 Metram
721 522 944 569 Sapphicum.

79 601 213 651 Dive,
240 614 366 656 quem
391 599 535 654 proles
564 597 726 649 Niobea
765 609 939 651 magnae

81 654 302 696 Vindicem
328 655 516 707 linguae,
544 652 772 705 Tityosque
798 658 945 704 raptor
977 695 987 698 ,

79 707 240 759 Sensit,
268 715 312 747 et
338 707 491 746 Troiae
516 703 597 759 pro
629 718 653 744 e
682 706 816 743 victor
844 703 950 742 altae

342 759 519 799 Phthius
546 719 753 807 Acffiilles,

82 836 245 877 Ceteris
269 835 426 884 maior,
452 833 531 873 tihi
557 832 676 873 miles
702 831 857 884 impar:

79 890 210 929 Filius
237 900 486 944 quamquam
513 885 715 926 Thetidos
752 884 934 923 marinae

81 942 296 982 Dardanas
323 949 463 981 turres
490 944 684 994 quateret
708 937 926 977 tremenda

343 991 527 1047 Cuspide
551 1004 732 1047 pugnax.

78 1069 179 1120 Ille,
215 1068 403 1110 mordaci
429 1067 546 1107 velut
569 1067 653 1107 icta
679 1067 798 1108 ferro

80 1123 231 1172 Pinus,
259 1131 331 1162 aut
353 1121 530 1175 impulsa
557 1134 780 1178 cupressus
807 1121 950 1169 Euro,

79 1175 269 1216 Procidit
293 1176 400 1224 late,
427 1173 653 1229 posuitque
680 1173 837 1214 collum
862 1173 926 1211 in·

339 1228 524 1267 Pulvere
551 1229 732 1267 Teucro.
851 1243 855 1247 ’

79 1302 156 1343 Ille
183 1316 290 1353 non,
316 1301 498 1341 inclusus
527 1315 637 1357 equo
666 1303 880 1343 Minervae

82 1356 210 1396 Sacra
234 1355 432 1405 mentito,
458 1355 567 1395 male
596 1357 770 1396 feriatos

82 1411 216 1449 'h-oas
244 1417 288 1449 et
308 1412 468 1449 =laetam
496 1409 651 1448 Priami
679 1408 844 1450 choreis

342 1462 378 1499 F
381 1462 528 1502 alleret
555 1463 688 1502 aulam
700 1477 712 1513 ;

83 1534 171 1575 Sed
193 1534 331 1596 palam
355 1537 483 1590 captis
513 1539 673 1591 gravis,
699 1539 786 1578 heu
812 1534 953 1577 nefas!
988 1533 1092 1573 heu!

82 1590 253 1628 Nescios
280 1588 362 1627 fari
386 1604 542 1641 pueros
571 1591 740 1631 Achivis

85 1642 240 1681 Ureret
264 1639 438 1682 flammis
451 1672 463 1691 ‚
491 1644 614 1683 etiam
648 1646 848 1684 latentem

346 1695 487 1734 Matris
512 1697 554 1735 in
581 1697 698 1746 alvo,

83 1771 158 1821 Ni,
186 1771 268 1811 tuis
299 1772 430 1812 victus
458 1774 720 1827 Venerisque
745 1779 888 1833 gratae

83 1824 272 1877 Vocibus
302 1825 458 1865 Divum
482 1827 611 1866 Pater
644 1825 854 1864 adnuisset

1330 140 1402 179 ¹27

1357 1130 1404 1156 10

1356 1404 1403 1442 15

152 1985 223 2026 VI,
248 1996 284 2017 v.
303 1986 338 2018 6.
367 1983 526 2029 quamvis
551 1979 673 2015 Codd.
694 1979 811 2015 Vand.
845 1987 883 2016 et
915 1982 1036 2026 plures
1056 1979 1152 2016 Edd.
1178 1979 1276 2025 quod
1302 1984 1398 2012 certe

88 2029 228 2073 quidem
245 2030 292 2062 ob
308 2029 525 2073 frequentius
548 2029 739 2071 repetitam
759 2026 829 2059 hoc
842 2037 942 2059 versu
964 2028 1103 2060 literam
1126 2029 1140 2058 ι’
1157 2027 1239 2058 ferri
1266 2029 1398 2069 posset.

86 2073 175 2107 Vid.
198 2074 344 2108 doctam
370 2073 639 2106 adnomlione‘m
664 2072 762 2105 lahn.
786 2090 832 2096 —
859 2070 952 2104 Eod.
976 2083 1062 2103 vers·
1089 2070 1240 2103 Thetidis
1266 2070 1398 2102 multae

87 2117 179 2152 Edd.
211 2137 257 2145 -
287 2132 318 2152 v.
351 2129 402 2162 ¹7·
438 2116 554 2151 Codd.
581 2119 716 2160 aliquot
740 2116 835 2161 apud
858 2117 972 2150 Bentl.
994 2122 1031 2149 et
1051 2115 1172 2150 Vand.
1200 2116 1308 2147 victor
1331 2123 1398 2157 pro

87 2164 208 2207 captis.
241 2181 286 2189 —
318 2176 349 2195 v.
375 2174 430 2198 21.
447 2163 574 2207 flexus
598 2173 664 2206 pro
690 2163 798 2195 victus
823 2172 842 2193 e
866 2161 981 2193 Codd.
1005 2161 1131 2194 Bentl.
1159 2170 1263 2204 quem
1287 2158 1332 2190 V.
1354 2175 1399 2182 —
