1526 2404
118 183 193 212 ιοο
267 173 272 179 “
567 180 605 221 q.
636 181 820 211 nom-ru
849 174 1008 209 rucei

116 280 260 375 guam
288 279 323 319 si
351 278 586 333 Mygdoniis
614 291 794 330 regnum
823 275 1006 328 Alyattei

154 333 283 387 ampis
319 334 573 371 continuem.
615 330 744 370 Multa
775 330 1014 383 petentibus

116 389 284 427 Desunt
312 385 457 424 multa.
487 388 607 424 Bene
637 392 724 434 est,
756 383 823 423 cui
851 384 970 423 Deus
999 380 1153 423 obtulit

167 441 332 490 Parca,
360 437 478 493 quod
509 438 606 478 satis
637 444 724 488 est,
752 450 890 476 manu.

602 565 792 604 CAmmN
819 562 951 605 XVII.

488 649 568 689 AD
597 648 813 689 AELIUM
839 645 1075 688 LAMIAM.

185 735 325 773 Suadet
349 738 402 778 ei,
426 741 468 771 ut
494 739 687 772 crastinum
713 738 831 780 diem,
869 738 930 781 qui
962 737 1102 782 pluvius
1133 734 1211 769 sore
1246 733 1452 777 videretur,

120 782 283 818 hilariter
306 783 503 826 transigat,
530 795 599 827 qua
621 787 764 819 ratione
791 784 943 818 sortasse
967 787 1101 826 poeta,
1125 781 1169 814 ab
1194 782 1313 815 amico
1337 791 1375 814 se
1401 783 1452 814 in-

120 829 224 864 vitari
249 830 341 862 velle
367 829 403 860 in
428 827 522 862 hunc
548 827 666 871 diem,
692 828 815 873 lepide
839 827 1057 871 significavit.

605 910 768 942 stlecrum
794 908 986 941 Alcaicum.

120 981 241 1032 Aeli,
271 991 440 1023 vetusto
469 982 621 1023 nobilis
651 985 700 1024 ab
727 986 884 1031 Lamo,
914 1006 968 1015 «-

123 1034 305 1094 Quando
336 1044 379 1075 et
404 1035 570 1088 priores
598 1037 695 1078 hinc
729 1037 892 1077 Lamias
920 1036 1067 1078 ferunt

176 1088 503 1138 Denominat0s‚
532 1097 575 1129 et
602 1100 805 1143 nepotum

231 1141 317 1179 Per
344 1154 555 1180 memores
583 1156 716 1195 genus
747 1156 870 1182 omne
905 1142 1038 1182 fastos

126 1209 318 1248 Auctore
347 1207 398 1246 ab
427 1208 500 1247 illo
531 1208 646 1248 ducit
674 1209 901 1263 originem,
1436 1206 1463 1245 5

126 1259 215 1321 Qui
239 1259 506 1299 Formiarum
533 1262 698 1301 moenia
727 1262 881 1302 dicitur

179 1313 383 1365 Princeps
412 1321 456 1352 et
482 1313 693 1353 innantem
718 1316 902 1354 Maricae

232 1365 447 1404 Litoribus
474 1366 659 1407 tenuisse
681 1368 837 1419 Lirim,

126 1432 234 1472 Late
259 1439 478 1483 tyrannus:
506 1454 560 1462 --
586 1445 677 1478 cras
704 1432 819 1472 foliis
844 1445 991 1474 nemus

127 1484 270 1524 Multis
299 1492 343 1523 et
371 1485 464 1538 alga
486 1485 584 1525 litus
612 1486 749 1524 inutili
1418 1496 1465 1522 10

182 1536 377 1576 Demissa
404 1545 631 1591 tempestas
661 1537 712 1576 ab
741 1539 859 1577 Euro

235 1590 430 1639 Sternet,
461 1604 593 1645 aquae
621 1591 700 1630 nisi
725 1590 836 1630 fallit
863 1604 1000 1646 augur

129 1658 300 1696 Annosa
326 1657 482 1697 cornix.
529 1659 643 1698 Dum
671 1658 806 1711 potis,
835 1657 997 1698 aridum

134 1710 353 1763 Compone
382 1710 562 1764 lignum:
593 1725 684 1750 cras
714 1711 895 1750 Genium
915 1724 1036 1751 mero

186 1762 362 1801 Cui-abis
391 1771 434 1801 et
459 1777 594 1815 porco
622 1764 834 1814 bimestri,
1417 1763 1464 1804 15

239 1815 346 1854 Cum
372 1814 540 1855 famulis
571 1829 750 1870 operum
779 1817 942 1856 solutis.

203 1961 228 1982 ν.
258 1949 309 1992 [μ.
338 1949 509 1994 Αζγαεείσί
530 1952 794 1993 antiquissimae
819 1948 912 1985 Edd.
935 1948 1032 1984 unde
1056 1951 1092 1983 in
1115 1950 1285 1994 plurimas
1308 1961 1461 1995 sequen-

134 1994 225 2027 tium
249 1995 368 2028 fluxit:
395 2005 594 2038 perperam.
618 1995 943 2040 Bentleius,quem
958 1996 1001 2028 V.
1016 1995 1173 2039 Αζγαιεεί
1192 2000 1253 2028 aut
1266 1995 1462 2039 Αζγαιιιίιηι

134 2037 327 2083 legendum
352 2050 427 2071 esse
451 2041 585 2073 docuit.

203 2084 328 2124 XVII,
355 2096 384 2116 ν.
401 2082 429 2125 4.
457 2085 629 2117 Nonnulli
657 2085 920 2130 Codd.fast115.
944 2083 1165 2118 VidAEenss.
1186 2098 1232 2108 --
1257 2095 1286 2116 ν.
1306 2084 1338 2118 5.
1362 2082 1462 2116 ducite

137 2138 259 2161 omnes
286 2126 403 2160 codd.
441 2140 544 2172 quam
581 2130 776 2164 lectionem
808 2131 902 2163 hene
936 2135 1061 2164 tuetur
1086 2128 1183 2160 lahn.
1207 2127 1307 2161 ducit
1330 2139 1349 2161 e
1374 2138 1461 2162 con-

137 2174 273 2208 iectura
295 2173 438 2213 Heinsfi,
462 2185 567 2217 quem
585 2180 670 2219 post
689 2176 886 2207 Bentleium
902 2175 1046 2218 plurimi
1062 2173 1222 2207 editores
1236 2174 1350 2207 secuti
1367 2178 1461 2208 sunt.

136 2233 181 2243 —
197 2230 224 2250 ν.
245 2219 294 2251 ι3.
318 2218 411 2262 potis
421 2218 543 2252 Bentl.
565 2229 584 2252 e
612 2218 730 2253 codd.
751 2221 903 2263 Vulgata
924 2219 1061 2255 lectio:
1085 2226 1193 2263 potes.
