1526 2404
570 189 747 218 tropon
778 190 907 216 mnan
937 189 976 218 2.
1361 183 1428 226 mli

114 283 295 323 Paterna
318 297 396 324 rua
420 283 558 324 bubus
587 290 758 324 exercet
783 282 891 333 suis,

167 336 339 376 Solutus
370 339 482 377 omni
507 339 671 377 fenore.
714 364 716 367 -

113 392 178 430 Ne
237 403 262 430 e
289 391 494 430 excitatur
520 390 691 430 classico
716 387 835 428 miles
861 388 993 440 truci,

164 404 314 498 §elque
338 443 488 484 horret
517 444 668 483 iratum
694 454 829 492 mare3

112 496 150 535 F
152 510 359 551 oramque
385 497 490 537 vitat
521 505 563 536 et
591 495 770 550 superba
798 495 950 534 civium

165 550 456 590 Potentiorum
481 550 632 589 limina.

113 603 232 657 Ergo
259 611 331 643 aut
358 604 498 643 adulta
525 603 671 643 vitium
696 601 930 657 propagine

164 657 282 696 Altas
312 657 478 695 maritat
502 656 707 710 populos,
796 683 801 685 -
981 696 985 698 ,
1390 671 1436 695 ιο

112 709 200 749 Aut
225 709 267 748 in
292 708 468 748 reducta
499 711 605 755 valle
626 709 899 764 mugientium

164 764 414 815 Prospectat
442 770 627 802 errantes
649 776 823 816 greges3

111 815 367 877 Inutilesque
397 815 507 856 falce
532 828 671 865 ramos
697 823 936 869 amputans,

166 869 400 908 Feliciores
424 869 590 921 inserit3

112 921 200 961 Aut
226 934 370 975 pressa
395 923 511 975 puris
539 921 669 967 mella¹
690 920 834 960 condit
859 920 1094 974 amphoris3
1389 924 1436 963 15

165 974 261 1017 Aut?
278 974 427 1014 tondet
452 974 632 1014 infirmas
661 987 784 1024 oves3

113 1026 218 1077 Vel,
245 1042 374 1082 quum
401 1028 602 1068 decorum
628 1025 797 1067 mitibus
822 1027 958 1081 pomis
985 1035 1112 1081 caput

166 1080 423 1120 Auctumnus
452 1082 560 1143 agris
593 1081 761 1129 extulit,

113 1133 171 1172 Ut
198 1131 354 1187 g'audet
378 1134 542 1174 insitu-a
570 1134 800 1188 decerpens
826 1146 951 1187 pyra,

169 1186 408 1227 certantem
437 1195 481 1226 et
504 1202 628 1228 uvam
654 1200 890 1249 purpurae,
1385 1200 1436 1227 20

114 1238 210 1298 Qua
235 1248 572 1290 muneretur>te‚
598 1242 776 1294 Priape,
806 1249 849 1280 et
875 1249 943 1288 te,
969 1246 1092 1292 pater

165 1291 355 1343 Sssvane,
381 1301 498 1333 tutor
524 1293 680 1333 finium.

113 1344 239 1385 Libet
263 1346 424 1396 iacere,
449 1347 576 1386 modo
604 1347 681 1386 snb
709 1346 874 1401 antiqua
898 1344 993 1384 ilice
1006 1373 1019 1395 ‚
1066 1380 1073 1384 .

165 1399 293 1439 Μοᾱο
321 1400 363 1438 in
389 1400 524 1438 tenaci
550 1401 746 1452 gramine.

116 1450 333 1491 Labuntur
362 1451 452 1493 altis
483 1453 648 1492 interim
674 1454 776 1507 ripis
804 1464 958 1508 aquae3
1381 1453 1437 1491 25

170 1503 414 1565 Queruntur
440 1505 480 1543 in
509 1499 622 1545 silvis
650 1520 768 1546 aves:

115 1557 152 1596 F
155 1565 358 1612 ontesque
384 1558 560 1610 lymphis
588 1558 839 1613 obstrepunt
864 1557 1144 1609 manantibus,

169 1610 347 1650 Somnos
375 1611 491 1665 quod
515 1611 664 1652 invitet
689 1613 821 1656 leves.

1408 392 1435 432 ΕΠ

164 1780 220 1823 11,
243 1792 281 1813 υ.
302 1790 336 1823 9.
360 1780 453 1814 altae
470 1782 662 1827 propagini
682 1781 776 1814 coni.
802 1779 911 1812 Both.
933 1781 1114 1814 Annotatt.
1146 1800 1192 1807 —
1231 1795 1262 1814 v.
1290 1781 1436 1824 11—14.

118 1825 243 1859 Hicin
274 1827 436 1859 omnibus
467 1833 611 1871 praeter
645 1825 857 1860 Altorfinum
884 1824 1081 1859 codicibus
1115 1834 1170 1862 est
1200 1827 1326 1859 horum
1356 1838 1435 1859 ver-

118 1880 220 1902 suum
236 1871 339 1904 ordo.
364 1872 468 1905 Henr.
494 1871 664 1915 Stephan.
688 1871 820 1913 Georg.
840 1871 979 1904 Fabi-ic.
1004 1873 1134 1915 aliique
1157 1884 1245 1905 vers.
1270 1875 1307 1905 13
1327 1878 1363 1905 et
1382 1870 1434 1914 14.

119 1921 202 1948 ante
227 1926 316 1948 vers.
347 1927 382 1948 11
412 1922 449 1950 et
479 1928 528 1949 12.
554 1917 748 1950 collocant.
777 1915 858 1948 xid.
885 1915 1009 1949 Bentl.
1045 1936 1093 1942 —-
1127 1930 1156 1949 v.
1184 1921 1235 1951 13.
1258 1917 1436 1950 inualesve

118 1958 240 1993 Bentl.
264 1972 283 1993 e
308 1962 463 1995 coniect.
484 1981 531 1986 —
554 1973 585 1993 v.
614 1962 665 1994 18.
691 1962 789 2005 agris
813 1961 918 2004 longe
943 1962 1087 2005 plurimi
1102 1964 1297 2007 optimique
1313 1961 1433 1996 Codd.

119 2004 191 2037 Alii
214 2006 322 2038 arvis.
348 2005 403 2039 Cf.
428 2006 545 2040 Bentl.
573 2012 610 2040 et
633 2007 716 2038 Fea.
746 2024 793 2030 —
814 2017 844 2039 V.
871 2015 925 2040 20.
954 2018 1117 2051 purpura
1151 2007 1268 2041 Codd.
1297 2008 1435 2050 aliquot

122 2048 233 2093 Cruq.
260 2050 315 2083 Cf.
335 2051 422 2084 Fea.
445 2070 492 2076 -—
524 2063 555 2082 v.
580 2062 635 2085 21.
664 2052 752 2093 Quis
777 2062 842 2094 qro
870 2053 951 2092 Qua
977 2062 1065 2084 cum*
1081 2051 1231 2095 Cuning.
1255 2053 1435 2084 Sanadon.

122 2099 159 2127 et
182 2093 314 2128 Wadio
340 2095 455 2130 edidit
476 2097 571 2128 Fea.
598 2107 704 2140 quem
726 2095 770 2127 V.
795 2094 867 2129 Sed
891 2097 1028 2130 incerta
1053 2104 1107 2132 est
1134 2097 1233 2130 huius
1257 2099 1432 2136 lectionis,

123 2141 328 2172 auctoritas.
363 2159 410 2165 —-
446 2153 477 2172 v.
498 2142 554 2174 25.
593 2142 676 2186 ripis
699 2139 791 2174 Edd.
815 2147 977 2183 veteres,
1010 2141 1075 2175 sed.
1099 2141 1219 2177 Codd.
1245 2143 1304 2174 alii
1330 2143 1431 2185 ripis,

111 2182 185 2215 alii
205 2185 299 2217 rivis.
325 2183 412 2221 vid.
427 2185 542 2218 Bentl.
562 2183 652 2218 Pea-
676 2185 786 2219 Both.
810 2186 996 2220 Annotatt.
1018 2205 1065 2212 —
1086 2199 1117 2218 v.
1137 2199 1191 2230 27.
1210 2185 1433 2232 frondesque

126 2237 147 2259 e
172 2230 266 2261 coni.
290 2229 493 2264 Marklandi
515 2231 655 2274 recepit
682 2230 782 2263 Both.
811 2241 916 2274 quem
930 2229 979 2266 V.
1007 2232 1042 2263 in
1064 2233 1253 2267 Annotatt.
1277 2230 1332 2265 Cs.
1351 2231 1433 2264 Fea.
