1526 2404
489 548 550 602 Q.
587 549 853 596 HossA‘rn
890 513 1122 619 FLAccr

138 656 690 727 CARMEN
767 657 1460 726 SECULARE

396 797 476 836 AD
502 796 833 838 APOLLINEM
861 800 937 838 ET
962 795 1194 837 DIANAM.

201 897 291 930 Cum
314 897 493 931 seculares
517 896 624 931 ludos
648 900 824 942 Augustus
858 898 1083 942 celebraret,
1121 893 1318 930 secundum
1349 895 1459 928 ritum

131 944 272 985 priscae
298 944 483 987 religionis
504 955 524 976 a
549 945 739 987 virginibus
761 946 953 990 puerisque
988 942 1227 988 praetextatis
1249 941 1286 974 in
1310 939 1457 984 capilo·

131 987 183 1021 lio
209 994 391 1022 cantatum
417 995 484 1023 est.
514 990 588 1022 Vet.
611 990 728 1024 Schol.

594 1079 749 1113 Metram
773 1079 997 1126 Sapplu'cam.

132 1165 334 1217 Phoebe,
362 1167 646 1223 silvarumque
672 1178 823 1223 potens
851 1170 1009 1221 Diana,

129 1220 337 1259 Lucidum
367 1221 477 1260 coeli
507 1222 658 1272 decus,
687 1237 712 1262 o
743 1223 908 1262 colendi

130 1273 311 1327 Semper
339 1281 382 1313 et
408 1274 531 1325 culti,
561 1274 657 1314 (late
687 1289 795 1330 quae
820 1289 1045 1330 precamur

118 1332 122 1335 '
395 1330 608 1381 Tempore
636 1342 779 1379 sacro,

129 1401 228 1465 Quo
258 1401 446 1455 Sibyllini
471 1417 674 1444 monuere
702 1417 848 1443 versus
1369 1398 1375 1404 ’
1429 1404 1457 1445 6

128 1456 326 1510 Νιι-ςίηθε
358 1456 484 1497 lectas
511 1471 752 1512 puerosque
781 1465 916 1497 castos

126 1510 228 1561 Dis,
258 1508 407 1564 quibus
436 1520 600 1564 septem
627 1511 827 1564 placuere
855 1510 1010 1562 colles,

391 1565 547 1604 Dicere
577 1578 755 1605 carmen.

552 1623 558 1636 l

126 1639 250 1679 Alme
278 1639 375 1689 Sol,
402 1652 530 1678 curru
557 1639 687 1680 nitido
717 1641 829 1681 diem
862 1640 934 1696 qui

125 1692 291 1732 Promis
323 1700 365 1732 et
393 1694 525 1743 celas,
556 1694 743 1749 aliusque
774 1703 817 1734 et
844 1695 957 1734 idem
1407 1708 1453 1735 ιο

128 1745 342 1797 Nasceris,
370 1746 506 1799 possis
534 1747 635 1786 nihil
663 1748 771 1788 urbe
799 1750 936 1788 Roma

393 1801 541 1843 Visere
569 1802 713 1841 maius.

124 1875 222 1916 Rite
249 1884 434 1915 maturos
464 1876 629 1929 aperire
661 1885 807 1930 partus

123 1930 249 1969 Lenis
286 1929 469 1982 Ilithyia‚
498 1937 620 1970 tuere
647 1938 827 1970 matres:

126 1983 227 2023 Sive
258 1991 304 2023 tu
332 1983 490 2022 Lucina
518 1984 672 2036 probas
701 1984 868 2035 vocari,
1055 2029 1067 2040 ο
1401 1985 1448 2025 ι5

388 2036 475 2076 Seu
503 2037 714 2077 Genitalis.

170 2154 270 2186 vers.
295 2152 329 2196 4.
351 2154 448 2185 Unus
483 2154 517 2185 in
554 2152 651 2187 Coll.
698 2152 778 2185 Sax.
814 2151 940 2186 Codex
971 2160 1121 2196 tempore
1148 2151 1285 2196 pris-003
1323 2156 1361 2185 et
1394 2152 1446 2186 ita

123 2199 252 2233 Baxter
273 2205 311 2233 et
335 2198 484 2237 Gesner,
509 2217 554 2224 -
575 2211 607 2232 v.
638 2199 689 2237 16,
716 2198 787 2232 Seu
810 2197 998 2244 Getwffllts
1021 2197 1138 2238 beau,
1164 2207 1207 2230 cx
1221 2196 1443 2230 coniectura.

123 2243 180 2282 Cf,
205 2244 293 2281 Fea,
