1526 2404
169 151 223 204 98
616 162 655 202 Q·
687 162 870 189 nourrii
899 161 1056 191 flacc!

169 258 388 296 Invertunt
415 253 608 295 Allifanis
639 254 794 296 vinaria
820 263 910 296 tota

168 310 360 353 Vibidius
388 310 559 349 Balatro
593 309 855 360 ue‚·secutis
893 309 1104 353 omnihus:
1130 312 1204 352 imi
1442 317 1497 362 4ο

169 364 382 404 Convivae
410 364 510 403 lecti
537 365 579 403 ni
594 364 711 403 ulum
738 376 926 404 nocuere
949 364 1122 419 lagenis.

166 417 364 457 Affertur
391 417 561 471 squillas
592 418 700 458 inter
731 431 929 457 muraena
957 426 1143 459 natantes

167 472 212 510 In
234 471 374 524 patina
390 479 602 524 porrecta.
631 471 718 511 Sub
738 471 820 511 hoc
839 471 982 522 herus,
999 474 1118 512 Haec
1137 472 1329 526 gravida,
1348 473 1496 530 inquit,

171 525 303 578 Capta
331 532 418 574 est,
444 524 633 564 deterior
659 533 759 578 post
784 533 951 578 partum
980 539 1107 567 carne
1134 527 1290 567 futura.
1492 539 1494 544 “

166 579 243 616 His
267 578 441 616 mixtum
469 578 532 616 ius
563 586 646 618 est:
675 579 794 629 oleo,
823 579 939 633 quod
964 580 1099 633 prima
1126 579 1307 622 Venafri
1438 581 1492 630 45

166 632 327 680 Pressit
355 631 482 682 cella3
513 645 615 686 garo
645 633 698 672 de
728 634 860 672 succis
890 633 1017 686 piscis
1042 633 1180 685 lberi3

166 685 275 727 Vino
304 685 585 740 quinquenni,
617 699 767 725 verum
800 687 904 726 citra
930 700 1046 727 mare
1076 695 1200 739 nato,

165 739 280 778 Dum
308 740 506 793 coquitur
516 754 527 790 3
558 747 681 779 cocto
715 739 866 779 Chium
894 740 953 780 sic
983 741 1203 792 convenit,
1230 748 1279 780 ut
1303 753 1395 781 non·

165 793 262 832 Hoc
289 792 420 845 magis
448 793 582 831 ullum
610 793 722 832 aliud
732 808 743 844 3
769 794 919 847 pipere
950 793 1070 846 albo,
1098 807 1183 834 non
1213 794 1302 833 sine
1347 801 1494 843 aceto,

166 846 296 903 Quod
323 845 657 897 Methymnaeam
686 847 786 886 vitio
815 848 1042 887 mutaverit
1067 862 1206 889 uvam.
1439 848 1494 889 50

162 902 324 939 Erucas
354 899 532 949 virides,
559 900 691 939 inulas
721 914 801 954 ego
831 901 991 954 primus
1020 915 1178 942 amaras

164 953 396 992 Monstravi
432 953 685 1008 incoquere3
714 954 852 993 illotos
883 955 1083 994 Curtillus
1113 955 1304 1006 echinos,

163 1008 220 1046 Ut
247 1006 395 1045 melius
426 1007 582 1057 muria,
612 1021 736 1061 quam
763 1015 871 1047 testa
897 1008 1055 1047 marina
1087 1007 1276 1048 remittit.

162 1062 328 1099 Interea
363 1074 564 1112 suspensa
597 1074 746 1114 graves
771 1061 916 1101 aulaea
943 1061 1082 1101 ruinas

162 1115 207 1152 In
234 1113 416 1166 patinam
452 1114 613 1163 fecere,
646 1113 853 1153 trahentia
887 1115 1075 1176 pulveris
1103 1114 1184 1154 atri
1438 1115 1492 1156 55

163 1168 377 1218 Quantum
405 1179 489 1204 non
518 1166 671 1220 Aquilo
704 1167 922 1219 Campanls
952 1169 1103 1207 excitat
1131 1168 1255 1221 agris,

160 1222 247 1260 Nos
275 1218 405 1258 maius
433 1219 579 1269 veriti,
606 1227 702 1272 post
734 1234 831 1258 uam
863 1220 963 1258 nihil
993 1234 1084 1260 esse
1111 1221 1262 1273 pericli

163 1274 400 1322 Sensimus,
446 1272 659 1326 erigimur.
734 1273 852 1311 {usus
883 1273 1023 1326 posito
1053 1274 1211 1327 capite,
1237 1282 1285 1314 ut
1311 1273 1348 1314 si

161 1327 292 1367 Filius
314 1326 557 1364 immaturus
586 1325 767 1375 obisset,
796 1324 915 1365 flere.
948 1326 1053 1388 Quis
1083 1335 1196 1367 esset

162 1380 302 1430 Finis,
339 1379 382 1418 ni
409 1378 571 1431 sapiens
602 1379 660 1417 sic
690 1380 974 1418 Nomentanus
1003 1379 1182 1419 amicum
1439 1379 1493 1421 60

164 1431 386 1473 Tolleret?
417 1433 538 1482 Heu,
567 1433 777 1483 Fortuna,
807 1432 898 1487 quis
929 1441 992 1472 est
1020 1434 1237 1475 crudelior
1267 1433 1311 1473 in
1334 1445 1412 1473 nos

163 1490 225 1527 Te
258 1483 407 1526 Deus?
434 1493 482 1524 ut
509 1499 676 1539 semper
697 1485 854 1539 gaudes
881 1486 1061 1526 illudere
1089 1486 1217 1527 rebus

160 1538 384 1581 Humanis!
412 1538 563 1580 Varius
591 1553 741 1592 mappa
786 1553 1058 1593 compescere
1085 1540 1217 1580 risum

162 1594 248 1637 Vix
274 1599 455 1647 poterat.
485 1593 656 1631 Balatro
682 1592 940 1645 suspendens
969 1593 1106 1634 omnia
1132 1607 1257 1646 naso,

162 1650 281 1687 Haec
309 1653 373 1685 est
401 1645 584 1684 conditio
611 1644 802 1695 vivendi,
831 1645 990 1697 aiebat,
1032 1661 1170 1702 eoque
1439 1647 1492 1690 65

162 1703 434 1754 Responsura
462 1706 537 1737 tuo
567 1714 779 1754 nunquam
818 1708 882 1739 est
907 1714 985 1753 par
1014 1700 1125 1740 fama
1151 1700 1300 1741 labori.

164 1757 306 1804 Tene,
333 1760 381 1791 ut
408 1765 487 1806 ego
514 1753 692 1806 accipiar
718 1754 853 1803 laute,
880 1754 1124 1808 torquerier
1152 1754 1265 1795 omni

165 1805 453 1847 Sollicitudine
481 1805 744 1845 districtum?
771 1820 824 1846 ne
850 1806 966 1859 panis
996 1807 1164 1847 adustus
1177 1811 1199 1858 ,“

163 1863 227 1901 Ne
257 1860 366 1899 male
394 1859 610 1899 conditum
636 1860 699 1897 ius
730 1858 992 1913 apponatur?
1017 1868 1064 1899 ut
1092 1874 1236 1900 omnes

163 1911 402 1954 Praecincti
430 1921 548 1951 recte
576 1913 699 1966 pueri
725 1913 935 1967 comtiquc
964 1913 1224 1953 ministrent?
1437 1925 1491 1964 70

166 1968 290 2007 Adde
318 1966 396 2006 hos
424 1975 646 2019 praeterea
675 1979 816 2016 casus,
845 1966 990 2005 aulaea
1017 1974 1139 2006 ruant
1166 1966 1223 2016 si,

165 2022 222 2062 Ut
248 2020 401 2069 mod03
429 2019 463 2058 si
491 2020 671 2072 patinam
699 2020 810 2072 pede
835 2020 974 2072 lapsus
1007 2019 1174 2073 frangat
1200 2033 1339 2076 agaso.

167 2073 254 2114 Sed
285 2073 590 2125 convivatoris,
618 2072 680 2113 uti
707 2072 848 2126 ducis,
873 2073 1085 2127 ingenium
1109 2084 1181 2112 res

165 2228 211 2238 -
233 2221 265 2244 v.
282 2210 337 2245 52.
361 2208 559 2256 Cruquius;
583 2211 643 2246 alii
666 2211 799 2245 alutae.
