1526 2404
439 215 753 244 zrisronsnun
778 216 865 243 Lm.
885 202 918 241 1.
944 199 982 242 6.
1303 204 1376 243 113

113 323 244 351 uaere
267 308 415 366 fugam
441 309 591 350 morbi.
615 307 693 350 Vis
722 316 840 349 recte
867 306 1045 349 vivere?
1076 309 1168 363 quis
1194 307 1308 349 non?

104 365 119 402 i
145 364 276 404 virtus
302 365 387 404 hoc
414 377 497 402 una
522 369 665 422 potest
689 361 814 412 dare,
844 361 967 403 fortis
996 362 1156 402 omissis
1324 361 1379 404 30

70 418 169 456 Hoc
194 430 273 471 age
301 417 472 457 deliciis.
500 417 710 458 Virtutem
739 414 871 454 verba
898 424 1042 469 putas,
1070 423 1119 455 ut

15 508 18 510 .
70 471 235 510 Lucum
260 469 401 524 ligna?
430 473 534 509 cave
560 475 787 522 neportus
815 475 996 522 occupet
1022 467 1151 520 alter}

71 523 137 562 Ne
165 521 422 575 Cibyratica,
448 535 503 561 ne
527 520 706 573 Bithyna
731 521 899 575 negotia
924 521 1089 575 perdas.

71 575 187 615 Mille
214 577 370 615 talenta
399 575 699 625 rotundentur3
735 574 912 614 totidem
939 575 1070 614 altera
1095 587 1251 628 porro,
1277 581 1321 614 et

73 628 219 668 Tertia
248 627 494 678 succedant,
522 635 565 667 et
651 641 698 667 ae
723 641 820 681 pars
848 627 1027 682 quadret
1052 641 1267 668 acervum.
1327 627 1383 669 35

73 681 245 722 Scilicet
269 693 445 720 uxorem
472 694 567 720 cum
623 689 718 729 ote,
745 679 956 735 fidemque
982 688 1026 720 et
1053 681 1229 731 amicos,
1383 696 1390 700 ‘

73 735 134 774 Et
189 747 292 774 enus
313 741 357 773 et
381 734 563 773 formam
586 733 732 787 regina
757 735 936 787 pecunia
963 734 1112 783 donat,

74 787 140 826 Ac
160 748 276 827 {ene
301 794 556 826 nummatum
583 787 756 836 decorat
786 786 966 826 Suadela
990 788 1234 841 Venusque.

75 837 289 894 Mancipiis
314 839 503 893 locuples
534 836 646 893 eget'
659 840 766 879 aeris
793 840 1089 892 Cappadocum
1112 854 1212 890 πῶς

76 894 140 932 Ne
167 893 300 933 fueris
325 891 393 932 hie
418 901 478 932 tu.
517 886 762 944 Chlamydes
788 893 1011 943 Lucullus,
1035 901 1085 932 ut
1110 891 1247 943 aiunt,
1332 898 1387 942 4⁰

78 945 126 984 Si
151 954 298 999 posset
324 954 490 985 centum
517 959 666 985 scenae
692 944 900 998 praebere
930 953 1125 999 rogatus,

79 998 168 1092 Εἰ
186 1012 360 1052 possum
376 997 470 1038 tot?
499 998 574 1049 ait3
591 1007 729 1037 tamen
748 1005 791 1037 et
807 1011 1024 1059 quaeram,
1042 1007 1086 1038 et
1102 1005 1206 1053 quot
1221 995 1387 1037 habebo

127 1052 254 1091 ‘ttam.
283 1053 389 1091 Post
413 1051 539 1104 paulo
567 1051 732 1101 scribit,
761 1050 840 1090 sib1
865 1051 992 1090 millia
1081 1052 1089 1060 ⁸
1121 1064 1203 1106 que

79 1106 187 1144 Esse
215 1104 330 1143 domi
355 1104 639 1156 chlamydum3
666 1112 853 1157 partem,
877 1105 947 1144 vel
972 1112 1017 1144 to
1052 1113 1144 1144 eret
1169 1117 1326 1144 omnes.

79 1157 210 1197 Exilis
237 1157 385 1196 domus
415 1165 502 1206 est,
527 1155 602 1196 ubi
626 1170 712 1196 non
738 1165 782 1196 et
808 1157 939 1197 multa
963 1164 1212 1210 supersunt,
1333 1156 1389 1205 45

78 1211 138 1250 Et
164 1209 378 1250 dominum
403 1208 578 1259 fallunt,
606 1217 650 1249 et
674 1217 854 1264 prosunt
877 1209 1055 1249 furibus.
1081 1211 1200 1263 Ergo

80 1263 128 1303 Si
152 1277 223 1304 res
249 1262 339 1301 sola
365 1271 509 1316 potest
533 1262 677 1302 facere
704 1271 747 1302 et
771 1276 941 1303 servare
968 1262 1160 1314 beatum,

78 1317 176 1356 Hoc
201 1315 360 1370 primus
386 1324 553 1369 repetas
581 1329 709 1369 opus,
734 1315 817 1356 hoc
839 1324 1077 1369 postremus
1106 1315 1284 1357 omittas.

8 1380 12 1381 ⁷
82 1369 129 1408 Si
156 1368 417 1408 fortunatum
443 1369 606 1422 species
639 1377 682 1408 et
710 1370 842 1422 gratia
866 1377 1073 1422 praestat,

82 1423 319 1461 Mercemur
348 1435 540 1472 servum,
568 1422 642 1476 qui
670 1422 799 1461 dictet
825 1422 1013 1471 nomina,
1038 1422 1207 1462 laevum
1335 1423 1390 1463 50

85 1474 172 1527 Qui
197 1474 357 1514 fodicet
382 1475 512 1524 latus,
540 1482 584 1513 et
610 1483 735 1528 cogat
760 1484 874 1514 trans
900 1475 1089 1528 pondera
1112 1475 1302 1514 dextram

82 1526 326 1578 Pon-igere.
354 1527 436 1566 Hic
461 1527 637 1566 multum
663 1528 706 1567 in
732 1527 861 1567 Fabia
888 1528 1022 1578 valet,
1037 1528 1125 1567 cille
1151 1529 1324 1579 Velina3

87 1579 167 1618 Cui
192 1579 296 1618 libet
321 1578 355 1618 is
383 1579 520 1618 fasces
549 1579 681 1630 dabit,
713 1581 947 1634 eripietque
975 1581 1122 1620 curule

87 1632 167 1670 Cui
192 1631 309 1671 volet
332 1631 591 1684 importunus
616 1632 744 1683 ebur3
772 1635 943 1681 Frater,
968 1634 1118 1682 Pater,
1146 1632 1277 1684 adde3

85 1685 144 1724 Ut
170 1684 322 1738 cuique
352 1691 415 1723 est
441 1692 579 1734 aetas,
605 1684 662 1723 ita
688 1699 898 1745 quemque
923 1685 1086 1725 facetus
1112 1685 1276 1739 adopta.
1336 1688 1391 1729 55

87 1737 156 1789 Si,
182 1736 292 1776 bene
323 1737 395 1791 qui
419 1744 590 1788 coenat,
617 1736 726 1776 bene
755 1737 876 1777 viv1t:
904 1737 1042 1790 lucet,
1067 1750 1209 1778 eamus

85 1909 131 1917 -—
160 1900 198 1922 v.
222 1890 277 1923 3¹.
309 1888 367 1920 Sic
392 1886 506 1919 Codd.
524 1886 740 1920 recentiores
766 1891 799 1920 et
809 1885 898 1919 Edd.
920 1886 1097 1932 principes
1115 1888 1272 1922 Bentleio
1289 1895 1390 1933 teste,

87 1935 147 1980 qui
163 1935 239 1979 ipse
259 1945 299 1966 ex
321 1933 460 1977 optimis
484 1933 553 1963 suis
569 1932 682 1964 Codd.
701 1932 797 1964 dedit
813 1939 939 1976 putes,
963 1939 1021 1972 εις
1041 1934 1111 1966 Fea
1130 1945 1171 1966 ex
1190 1935 1259 1966 suis
1275 1936 1390 1969 Codd.

88 1986 122 2013 et
143 1981 292 2011 aliorum
315 1986 442 2022 putas,
467 1983 512 2010 et.
535 1977 617 2008 Vid.
642 1977 750 2009 Banu.
777 1982 811 2009 et
828 1978 910 2009 Fea.
931 1996 975 2002 —
998 1989 1036 2009 v.
1055 1977 1110 2020 4²·
1136 1978 1237 2024 quod
1257 1979 1390 2014 habebo

88 2024 203 2056 Codd.
228 2024 388 2055 Lambin.
409 2042 452 2048 -
475 2033 512 2053 v.
535 2031 588 2062 50.
612 2033 752 2054 saevum
773 2033 839 2066 pro
861 2022 995 2054 laevum
1016 2023 1131 2055 Codd.
1157 2025 1334 2058 Tot-rentii
1355 2033 1391 2059 et

87 2069 277 2113 pleraeque
307 2068 397 2100 Edd.
425 2072 505 2100 vett.
530 2067 583 2098 Cf.
612 2068 693 2099 Fea.
716 2086 760 2092 —
782 2077 820 2098 v.
843 2075 895 2107 51.
919 2066 1066 2111 fodicet
1087 2069 1196 2101 Bentl.
1217 2073 1391 2104 revocavit

90 2124 131 2146 ex
162 2114 371 2145 membranis
406 2112 676 2153 vetustioribu33
705 2112 762 2144 alii
794 2111 910 2144 Codd.
943 2118 977 2145 et
1000 2114 1170 2157 plurimae
1192 2114 1282 2146 Edd.
1306 2122 1389 2149 vett.

78 2156 200 2200 fodiet
222 2164 280 2189 aut
292 2157 434 2202 fodiat:
458 2157 512 2188 Cf.
538 2157 647 2189 Benu.
670 2162 704 2189 et
725 2157 805 2190 Fea.
824 2174 868 2181 —
898 2167 936 2189 v.
963 2165 1016 2198 53.
1042 2159 1075 2189 is
1079 2157 1208 2203 fasces
1233 2161 1343 2192 Bentl.
1369 2174 1390 2196 e

88 2203 158 2234 suis
178 2202 292 2234 Codd.
318 2203 443 2246 quibus
467 2201 638 2235 accedunt
658 2202 761 2235 Feae.
790 2201 886 2235 Olim
907 2202 1079 2248 plurimae
1102 2203 1192 2236 Edd„
1217 2204 1275 2237 hic
1284 2203 1386 2250 fasc.

88 2245 169 2278 Vid.
186 2247 297 2279 Bentl.
317 2252 353 2280 et
372 2247 469 2282 Iahn-

131 2299 247 2334 Horat.
265 2300 312 2333 11.v
571 2349 573 2351 Ι
1046 2293 1074 2332 8
