1526 2404
114 151 166 192 24
559 153 598 192 Q.
628 149 812 177 nonu-u
840 146 995 194 usco!

113 255 179 293 Tu
207 265 355 307 parum
384 251 505 291 castis
533 248 698 288 inimica
724 245 864 286 mittes

377 304 568 343 Fulmina
595 301 713 342 lucis.

617 438 805 497 mmmm
833 451 940 494 xm.

509 548 546 585 A
577 547 616 586 D
680 546 715 584 L
743 545 781 582 Y
809 545 849 583 D
877 544 895 582 Ι
922 543 961 582 Α
986 542 1041 580 Μ.

395 637 508 670 Poeta
530 636 632 668 dolet
654 634 721 666 sibi
745 632 946 677 Telephum
972 620 1154 675 antepoui.

548 742 551 745 ·
587 725 742 759 ,Metram
770 724 888 756 Car-m.
910 733 942 756 a.

109 808 252 869 Quum
279 816 348 857 tu,
378 806 530 859 Lydia,
562 804 743 858 Telephi

164 861 388 901 Cei-vicem
418 874 608 909 roseam,
638 871 762 897 cerea
792 854 974 909 Telephi

107 914 271 953 Laudas
301 913 492 963 brachia,
524 926 625 961 vae,
651 925 794 950 meum

160 968 349 1005 Fervens
379 965 541 1005 difficili
566 965 652 1003 bile
681 970 816 1003 tumet
843 961 973 1000 iecur.

108 1021 216 1058 Tum
244 1032 323 1057 nec
351 1032 467 1057 mens
498 1018 599 1056 mihi
627 1029 705 1055 nec
733 1016 854 1054 color

162 1073 290 1110 Certa
322 1071 423 1109 sede
451 1078 590 1109 manet
607 1098 617 1118 ‚
645 1069 799 1106 humor
828 1074 871 1106 et
896 1065 938 1103 in
966 1077 1094 1119 genas

108 1124 274 1162 Furtim
302 1122 478 1171 labitur,
509 1135 690 1182 arguens

159 1177 297 1236 Quam
322 1175 444 1214 lentis
463 1183 640 1227 penitus
667 1184 861 1211 macerer
886 1168 1065 1224 ignibus.

106 1229 241 1278 Uror⁷
271 1241 346 1267 seu
375 1228 451 1266 tibi
472 1226 678 1270 candidos

159 1284 404 1334 'l'urparuut
431 1280 631 1319 humeros
662 1277 909 1316 immodicae
939 1287 1059 1315 mero

106 1334 258 1383 Rixae‚
287 1334 377 1372 sive
404 1346 513 1385 puer
541 1332 688 1373 furens

158 1385 373 1439 Impressit
396 1398 628 1424 memorem
657 1383 783 1424 (lente
810 1381 938 1421 labris
967 1387 1124 1422 notam.

104 1440 220 1489 Non,
249 1439 283 1477 si
312 1451 380 1476 me
409 1437 506 1476 satis
537 1436 703 1485 audias,

158 1492 316 1544 Spei-es
345 1498 627 1543 perpetuum,
657 1488 795 1526 dulcia
822 1485 1003 1525 barbare

103 1544 364 1583 Laedentem
394 1543 562 1591 oscula,
593 1555 700 1596 quae
730 1542 874 1580 Venus

160 1596 316 1648 Quinta
350 1603 471 1648 parte
500 1596 564 1634 sui
594 1593 771 1633 nectaris
799 1591 959 1632 imbuit.

105 1649 271 1689 Felices
302 1655 369 1686 ter
398 1656 440 1686 et
470 1647 669 1700 amplius,

158 1702 278 1761 Quos
307 1700 470 1754 irrupta
496 1707 614 1739 tenet
642 1697 818 1752 copula,
846 1709 925 1737 nec
959 1696 1075 1736 malis

104 1753 304 1794 Divulsus
336 1752 606 1806 querimoniis

157 1810 365 1859 Suprema
394 1805 514 1845 citius
543 1804 682 1845 solvet
710 1816 827 1842 amor
856 1802 937 1845 die.

1394 1287 1441 1313 10

1394 1537 1441 1576 15

1385 1811 1438 1838 20

158 1963 243 1996 XIII
257 1987 267 2004 ‚
293 1975 321 1995 v.
338 1972 368 1994 2.
394 1961 506 1992 Vetus
522 1960 782 1994 Grammaticus
796 1961 936 1994 Flavius
951 1961 1068 2004 Caper
1090 1959 1183 1992 huuc
1198 1957 1434 1995 versumjau-

105 2009 192 2041 daus
214 2009 301 2050 legit
324 2007 438 2038 lactea
461 2015 529 2049 pro
556 2016 671 2044 cet-ea,
699 2007 804 2048 idque
832 2007 971 2050 recepit
996 2007 1110 2037 Bentl.
1135 2022 1180 2028 —-
1202 2014 1237 2034 v.
1259 2003 1292 2033 6.
1318 2004 1433 2032 ηὶιιηει

103 2053 217 2085 Bentl.
243 2051 404 2094 reposuit
427 2061 445 2081 e
472 2049 587 2082 Codd.
621 2051 759 2092 aliquot
780 2052 941 2083 Lambini
977 2056 1014 2083 et
1045 2049 1251 2087 Pulmanui‚
1289 2046 1432 2089 quibus-

105 2109 186 2130 cum
207 2096 440 2134 ‚consentiunt
465 2094 624 2137 Gotting.
652 2097 710 2128 alii
736 2100 772 2128 ct
797 2096 861 2129 Ed.
890 2097 1027 2130 Veneta
1054 2095 1220 2137 antiqua;
1254 2091 1319 2125 sed
1351 2091 1432 2136 plu-

104 2143 182 2175 rimi
206 2141 291 2174 libri
314 2146 466 2173 manent.
492 2139 545 2173 Cf.
572 2138 673 2173 Both.
730 2179 732 2181 Ι
