1526 2404
128 163 200 203 ¹72
571 167 612 207 ρ.
639 166 827 194 nonu-11
852 162 1009 197 iri-Anci
1035 174 1041 195 ι

121 258 254 299 Filius
282 258 446 310 Albini,
474 259 520 299 Si
548 260 603 300 de
630 262 865 316 quincunce
892 265 1058 304 remota
1085 273 1155 306 est
1320 298 1323 304 a

121 312 274 362 Uncia‚
293 313 394 367 quid
414 314 617 366 superet?
634 339 689 345 —-
705 317 883 355 Poterat
901 316 1054 357 dixisse
1062 318 1254 358 &Pl-iens.
1280 319 1444 360 -uEnl

123 366 232 404 Rem
261 367 422 419 poteris
455 380 627 408 servare
655 377 782 408 tuam.
809 370 938 409 Redit
967 370 1110 421 uncia,
1137 371 1239 426 quid
1264 370 1342 412 fit?
1390 396 1445 404 --

126 418 274 458 Semis.
300 444 355 450 —-
379 420 472 469 An,
497 420 602 462 haec
632 422 787 462 animos
817 437 976 477 aerugo
1005 431 1050 464 et
1078 437 1180 464 cura
1205 426 1348 478 peculi
1361 426 1446 468 330

125 471 269 530 Quum
298 474 428 513 semel
457 474 677 525 imbuerit,
705 490 920 529 speramus
949 478 1128 530 carmina
1155 475 1255 531 fingi

120 525 253 568 Posse
281 526 447 571 linenda
475 528 628 578 cedro,
659 537 702 569 et
730 529 815 568 levi
844 530 1046 570 servanda
1077 530 1310 585 cupresso?

120 579 209 617 Aut
240 580 449 633 prodesse
482 582 627 622 volunt
655 591 727 622 aut
755 583 968 623 delectare
996 585 1174 637 poetae,

121 632 209 671 Aut
239 634 359 673 simul
388 642 431 674 et
458 635 638 675 iucunda
669 644 711 675 et
737 636 887 676 idonea
916 637 1058 677 dicere
1087 637 1211 678 vitae.
1319 675 1321 678 Α
1373 673 1378 681 .

124 685 344 743 Quidquid
371 689 630 741 praecipies,
660 697 751 729 esto
779 690 944 739 brevis,
971 698 1020 730 ut
1047 691 1132 731 cito
1162 691 1273 732 dicta
1364 691 1445 735 335

119 739 364 793 Percipiant
392 742 513 780 animi
541 743 724 793 dociles,
752 751 1003 798 teneantque
1030 743 1189 784 fideles.
1215 778 1218 779 γ

124 792 264 836 Omne
296 807 606 847 supervacuum
634 796 759 850 pleno
787 796 839 835 de
866 804 1046 850 pectore
1074 806 1224 844 manat.

121 845 243 886 Ficta
272 848 498 901 voluptatis
531 862 654 889 causa
682 850 762 890 sint
788 851 979 903 proxima
1010 851 1142 891 veris:

122 900 210 950 Ne,
239 901 521 955 quodcunque
549 903 689 953 volet,
719 911 869 963 poscat
897 903 975 943 sibi
1000 903 1145 944 fabula
1163 904 1318 957 credi,
1394 942 1397 945 .

120 954 215 993 Neu
235 967 411 1005 pransae
431 955 598 995 Lamiae
619 956 762 996 vivum
779 971 961 1010 puerum
980 957 1170 999 extrahat
1188 958 1299 1000 alvo.
1313 964 1321 974 '
1365 957 1446 1008 340

123 1006 347 1046 Centuriae
378 1007 592 1048 seniorum
624 1010 779 1063 agitant
807 1010 997 1063 expertia
1026 1010 1185 1065 frugis3

126 1059 240 1101 Celsi
269 1068 544 1112 preatereunt
576 1071 743 1103 austera
772 1066 969 1117 poemata
996 1064 1219 1105 Rhamnes.

123 1111 260 1151 Omne
291 1113 388 1153 tulit
414 1122 640 1167 punctum,
675 1117 747 1171 qui
775 1117 940 1156 miscuit
969 1116 1086 1157 utile'
1106 1117 1242 1170 dulci,

120 1166 347 1205 Lectorem
377 1167 622 1209 delectando
652 1170 897 1223 pariterque
928 1172 1150 1213 monendo.
1301 1203 1306 1206 .

120 1218 203 1269 Hic
231 1227 367 1258 meret
396 1233 493 1259 aera
523 1221 632 1261 liber
662 1223 814 1271 Sosiis,
843 1222 912 1269 hic
943 1231 986 1261 et
1013 1238 1127 1263 mare
1158 1221 1319 1274 transit,
1363 1221 1448 1270 345

122 1272 180 1310 Et
207 1272 379 1325 longum
409 1280 511 1312 noto
543 1275 742 1328 scriptori
772 1283 977 1328 prorogat
1006 1290 1166 1317 aevum.

124 1325 229 1378 §unt
256 1325 407 1364 delicta
437 1333 598 1375 tamen,
629 1328 778 1383 quibus
807 1328 1016 1380 ignovisse
1045 1329 1235 1369 velimus.

121 1379 224 1416 Nam
234 1392 283 1416 nc
289 1392 370 1432 que
383 1378 540 1418 chorda
550 1394 697 1423 sonum
707 1381 860 1430 reddit,
873 1395 999 1434 quem
1009 1382 1100 1422 vult
1108 1395 1250 1420 manus
1262 1388 1305 1422 et
1312 1394 1445 1432 mens,

121 1432 404 1485 Poscentique
434 1445 605 1484 gravem
633 1448 838 1487 persaepe
865 1435 1040 1474 remittit
1069 1443 1258 1485 acutum3
1324 1454 1330 1455 ⁷

120 1485 209 1523 Nec
241 1497 329 1524 sem
362 1498 409 1523 cr
436 1485 565 1524 feriet
593 1487 876 1541 quodcunque
905 1488 1129 1531 minabitur
1156 1501 1289 1528 arcus.
1362 1487 1444 1528 350

120 1538 282 1578 Verum
309 1552 338 1576 u
369 1537 382 1575 i
408 1538 529 1591 plura
556 1540 689 1580 nitent
716 1541 758 1580 in
790 1541 993 1591 carmine,
1022 1556 1106 1581 non
1136 1538 1218 1596 eg'o
1245 1539 1389 1595 paucis

123 1590 331 1641 Offendar
357 1592 551 1642 maculis,
581 1608 682 1648 quas
713 1603 782 1634 aut
809 1595 967 1633 incuria
999 1594 1132 1645 fudit,

121 1644 209 1683 Aut
237 1644 414 1683 humana
439 1658 589 1698 parum
619 1647 728 1687 cavit
755 1656 916 1688 natura.
971 1648 1086 1707 Quid
1112 1661 1216 1703 ergo
1245 1645 1337 1687 est?

122 1697 178 1735 Ut
206 1698 388 1759 scriptor
416 1699 451 1737 si
481 1708 628 1751 peccat
659 1701 770 1740 idem
797 1700 991 1740 librarius
1012 1715 1169 1756 usque,

123 1751 322 1810 Quamvls
353 1759 416 1791 est
446 1753 650 1806 monitus,
681 1755 803 1799 venia
832 1762 947 1797 caret
956 1768 970 1806 3
999 1762 1047 1794 ut
1074 1752 1341 1807 citharoedus
1359 1752 1441 1795 355

122 1884 167 1903 -r-
187 1876 226 1902 v.
248 1866 325 1907 328.
357 1873 498 1911 superet
514 1865 630 1902 Bentl.
652 1877 672 1899 e
698 1865 816 1905 Codd‚
840 1866 911 1904 Alii
943 1865 1066 1907 Codd.
1098 1874 1245 1912 ¹‹uper-at
1273 1870 1311 1901 et
1335 1875 1442 1911 §upo-

120 1918 202 1943 resta
237 1910 318 1943 vid.
354 1911 436 1948 Fea.
464 1928 512 1938 -·
541 1919 689 1956 poterat
722 1913 835 1948 Bentl.
871 1923 914 1947 ex
947 1911 1063 1953 codd,
1086 1912 1154 1947 Vul
1181 1936 1191 1945 .
1212 1917 1371 1960 poteras.
1394 1925 1445 1957 —.

120 1967 158 1988 v.
195 1964 271 1997 330.
306 1955 362 1988 An
392 1955 506 1990 Bentl.
536 1967 579 1989 ex
617 1957 754 2002 aliquot
777 1956 936 1990 Blandin.
970 1957 1042 1989 Alii
1074 1956 1153 1989 Cod
1181 1980 1191 1990 .
1225 1962 1261 1990 et
1284 1954 1375 1990 Edd.
1399 1961 1440 1988 at

123 2000 208 2033 haec
233 2001 288 2032 vel
313 2001 364 2033 ad
387 2001 484 2038 haec.
506 2020 550 2027 —-
573 2014 612 2035 v.
637 2012 714 2045 339.
741 2003 793 2034 Na
817 2001 931 2036 Bentl.
953 2014 972 2038 e
997 2002 1157 2047 plurimis
1183 2000 1299 2040 Codd.
1318 2005 1355 2034 ct
1375 2011 1438 2032 an-

121 2035 323 2089 {iquissimis
339 2045 428 2078 Edd.
446 2046 548 2089 Vulg.
567 2048 650 2080 Nec.
677 2046 731 2083 Cf.
757 2047 868 2080 Bentl.
895 2065 938 2072 -
961 2058 998 2079 v.
1023 2049 1101 2090 350.
1127 2056 1339 2094 quocunque
1358 2046 1438 2098 plu-.-

122 2102 179 2127 res
205 2091 319 2123 Codd.
345 2091 476 2124 Bersm.
503 2097 536 2124 et
561 2092 665 2126 Fene.
700 2111 742 2116 —
772 2103 809 2124 v.
847 2093 930 2135 353..
949 2103 1038 2135 ergo
1070 2098 1123 2129 est
1150 2093 1254 2134 longe
1282 2090 1436 2135 'plurimi

123 2135 238 2168 Codd.
265 2141 300 2168 et
329 2137 506 2180 principes
538 2137 627 2169 Edd.
657 2137 725 2170 Alii
759 2138 924 2177 omittunt
957 2144 1020 2170 est.
1052 2136 1135 2174 Vid.
1159 2136 1271 2171 Bentl.
1298 2141 1331 2173 et
1352 2135 1435 2186 Fea.

121 2181 361 2214 posteriorem
391 2182 582 2218 lectionem
621 2181 779 2218 defendit
805 2182 907 2214 Both.
943 2201 988 2207 —
1014 2193 1052 2214 v.
1086 2181 1164 2223 3555
1198 2181 1359 2228 quamvis
1387 2185 1437 2211 ειε

124 2225 213 2257 Cod.
238 2226 383 2258 Achillis
410 2227 521 2259 Statii.
545 2245 591 2253 —-
614 2234 655 2261 ut
678 2225 908 2264 citharoedus
931 2227 1107 2264 revocavit
1131 2236 1151 2259 e
1176 2225 1294 2259 Codd.
1318 2225 1435 2263 Bentl.

123 2282 228 2315 quem
256 2271 309 2305 Cf.
333 2272 438 2316 Vulg.
469 2271 545 2316 ’ead
1220 2275 1223 2277 ’
