1526 2404
83 153 156 192 138
528 163 566 203 ρ.
597 163 780 190 nonu-11
809 163 964 190 ιιίΑοοι

131 257 348 310 Auguste,
384 256 557 295 virtutes
587 255 628 295 in
655 270 804 296 aevum

179 313 266 350 Per
296 310 441 349 titulos
469 322 764 364 memoresque
795 309 926 351 fastos

77 376 312 418 Acternet?
344 392 393 429 ο,
423 393 504 433 qua
532 378 595 417 sol
627 376 873 418 habitabiles

75 433 257 471 Illustrat
287 446 405 482 oras,
434 431 616 470 maxime
642 431 902 484 principum,

130 487 269 549 Quem
297 486 402 539 legis
438 493 635 538 expertes
667 485 841 525 Latinae

180 539 389 581 Vindelici
420 539 606 578 didicere
638 552 800 592 nuper,

79 609 193 666 Quid
221 610 355 648 Marte
384 621 543 661 posses.
571 606 703 646 Milite
730 621 824 646 nam
851 617 926 650 tuo

73 666 238 705 Drusus
269 663 516 711 Genaunos.,
543 660 809 713 implacidum
831 676 986 716 genus,

127 719 408 770 Breunosque
439 715 627 764 veloces,
658 721 700 753 et
729 727 846 754 arces

179 770 355 823 Alpibus
385 768 598 823 impositas
632 768 884 820 tremendis,

74 839 241 880 Deiecit
271 852 368 878 acer
394 838 487 891 plus
519 836 613 876 vice
643 836 831 890 simplici.

75 894 209 934 Maior
233 894 449 932 Neronum
472 904 570 929 mox
598 904 727 944 grave
755 890 968 944 proelium

129 946 367 995 Commisit,
394 945 678 998 immanesque
706 945 864 984 Raetos

181 999 387 1053 Auspiciis
416 998 580 1052 pepulit
603 997 817 1049 secundis3

75 1067 334 1121 Spectandus
364 1068 405 1106 in
435 1066 660 1107 certamine
686 1068 861 1120 Martio,

73 1122 242 1160 Devota
270 1122 396 1160 morti
425 1129 599 1174 pectora
619 1120 776 1159 liberae

128 1174 303 1235 Quantis
334 1173 531 1227 fatigaret
557 1172 708 1211 ruinis:
735 1196 789 1202 —

182 1227 404 1266 Indomitas
432 1241 568 1281 prope
601 1225 732 1280 qualis
763 1225 893 1265 undas

74 1293 258 1333 Exercet
280 1295 457 1345 Auster,
482 1294 703 1334 Pleiadum
733 1294 864 1334 choro
926 1322 939 1334 f

76 1347 300 1387 Scindente
328 1348 481 1388 nubes:
503 1371 555 1378 —
581 1348 760 1402 impiger
780 1346 963 1387 hostium

126 1402 293 1444 Vexare
320 1407 500 1452 turmas.)
532 1409 574 1440 et
605 1401 860 1440 frementem
897 1432 899 1435 ,

178 1455 345 1494 Mittere
375 1470 528 1510 equum
549 1455 709 1494 medios
738 1468 816 1508 per
841 1454 972 1507 ignes.

77 1524 146 1563 Sic
170 1523 426 1563 tauriformis
451 1523 635 1562 volvitur
662 1522 858 1572 Aufidus,

79 1577 164 1638 Qui
196 1590 326 1631 regna
354 1577 491 1615 Dauni
519 1575 715 1629 praefluit
743 1575 922 1630 Appuli,

131 1632 273 1689 Quum
303 1631 455 1679 saevit,
482 1630 818 1692 horrendamque
850 1627 971 1668 cultis

180 1684 393 1723 Diluviem
421 1683 645 1723 meditatur
672 1698 807 1738 agris:

75 1754 132 1792 Ut
158 1752 430 1791 barbarorum
463 1751 657 1792 Claudius
688 1753 851 1807 agmina

77 1808 254 1846 Ferrata
282 1814 398 1845 vasto
429 1805 555 1844 diruit
583 1808 764 1860 impetu,

127 1860 379 1921 Primosque
405 1866 447 1897 et
468 1867 678 1900 extremos
699 1858 897 1899 metendo

185 1913 341 1953 Stravit
366 1912 559 1962 humum,
588 1914 675 1953 sine
705 1913 822 1953 clade
850 1911 1007 1961 victor,

1355 646 1402 704 io

1343 1800 1397 1841 30

121 2041 216 2082 XIV,
242 2052 278 2073 v.
302 2039 333 2082 4
346 2038 473 2084 fastus
495 2040 616 2073 Bentl.
640 2042 794 2084 itemque
819 2040 940 2084 plures
971 2037 1087 2072 codd.
1112 2038 1206 2070 Feae
1231 2041 1267 2069 et
1277 2035 1393 2069 Vand.

77 2085 131 2117 Cs.
157 2097 283 2129 supra,
309 2085 385 2127 111,
407 2097 459 2129 17,
479 2085 510 2128 4.
534 2104 579 2110 -
601 2098 636 2118 v.
655 2097 705 2128 ¹9·
731 2086 798 2118 Alii
826 2081 1397 2129 Codd.satz]·„⁷a1·1'tvclfatigarat

78 2129 135 2166 Cf.
162 2131 277 2165 Bentl.
299 2150 344 2156 -
367 2143 402 2164 v.
429 2141 482 2165 20.
505 2130 693 2164 indomitus
719 2131 838 2163 Bentl.
862 2142 882 2163 e
905 2131 1058 2163 coniect.
1082 2147 1128 2154 -
1154 2140 1190 2160 v.
1216 2129 1270 2160 28.
1295 2127 1395 2160 mini-

77 2185 176 2209 tatur·
200 2187 265 2219 pro
291 2176 480 2209 meditatur·
504 2176 622 2210 Bentl.
647 2189 667 2211 e
693 2177 810 2210 Codd.
833 2181 874 2208 et·
892 2175 1022 2208 Nonio.
1045 2193 1090 2200 -—
1125 2185 1156 2206 v.
1180 2174 1236 2207 30.
1259 2171 1394 2216 die-paiz

76 2222 167 2258 Edd.
184 2222 344 2256 Florent.
373 2221 468 2266 1486.
