1526 2404
470 176 724 215 διίετουῆ,
754 179 842 214 ua,
872 166 934 217 ΙΙ,
970 182 1003 213 5,.
1324 169 1392 226 [ὃ]

93 270 338 326 Choerilus,
366 271 531 314 incultis
563 271 637 328 qui
667 271 857 315 versibus
887 279 932 314 et
969 273 1076 314 male
1105 273 1212 321 uatis

90 325 255 366 Retulit
284 334 501 381 acceptos,
533 326 676 380 regale
705 326 926 376 nomisma,
955 325 1188 381 Philippos,

91 378 178 419 Sed
210 378 342 419 veluti
370 387 548 419 tractata
577 387 718 419 notam
747 379 970 441 labemque
1005 383 1223 420 remittunt
1322 382 1402 422 235

90 431 356 483 Aut-amenta,
387 432 481 472 fere
515 433 742 486 scriptores
776 445 957 472 carnune
989 432 1119 474 foedo

91 483 317 538 Splendida
347 485 459 525 facta
491 486 637 527 linunt.
667 486 783 525 Idem
812 499 890 527 rex
919 485 1012 537 ille,
1043 489 1198 539 poema

92 537 178 589 Qui
207 545 292 576 tam
321 538 543 578 ridiculum
571 546 656 578 tam
688 552 783 578 care
813 540 1016 593 prodigus
1060 541 1182 590 emit,

90 589 244 630 Edicto
275 591 432 642 vetuit,
462 606 514 632 ne
547 592 638 647 quis
669 605 737 641 se,
769 592 1182 646 praeterfftpellem,

52 652 56 659 ·
89 643 316 696 Pingeret‚
347 653 417 685 aut
448 646 549 684 alius
580 646 763 698 Lysippo
795 645 972 686 duceret
1002 659 1099 684 aera
1321 653 1399 694 240

90 695 233 735 Fortis
263 696 490 738 Alexandri
519 698 681 738 vultum
710 698 952 738 simulantia.
1007 698 1135 760 Quod
1166 701 1202 739 si

90 747 294 788 Iudicium
324 751 478 791 subtile
507 751 696 793 videndis
728 751 887 790 artibus
918 751 1023 791 illud
1137 764 1151 769 ·

91 800 160 840 Ad
190 801 321 842 libros
352 811 397 844 et
427 804 479 844 ad
509 804 613 844 haec
644 807 856 844 Musarum
886 804 994 844 dona
1024 817 1199 845 vocares
1212 836 1225 856 ‚

90 854 302 895 Boeotum
331 853 374 898 iu
405 871 545 900 crasso
575 857 736 899 iurares
769 859 867 897 ae're
899 865 1052 897 natum.

90 906 150 945 At
170 921 307 962 neque
338 909 595 951 dedecorant
621 917 694 950 tua
726 910 779 950 de
811 923 858 949 se
887 910 1060 959 iudicia,
1094 917 1220 965 atque
1327 914 1403 961 245

90 959 287 1012 Munera,
320 976 428 1016 quae
458 964 589 1003 multa
620 963 752 1003 dantis
786 976 881 1002 cum
911 962 1035 1002 laude
1066 964 1276 1016 tulerunt,

90 1011 248 1054 Dilecn'
276 1014 355 1054 tibi
384 1016 586 1070 Virgilius
616 1017 854 1070 Variusque
885 1018 1062 1069 potitae:

89 1065 180 1104 Nec
210 1067 338 1122 magis
371 1069 559 1122 expressi
587 1069 728 1110 vultus
759 1083 839 1122 per
871 1073 997 1109 aenea
1029 1069 1164 1130 signa,

91 1116 230 1212 guam
259 1133 340 1173 per
368 1122 474 1163 vatis
507 1122 613 1176 opus
644 1136 784 1164 mores
813 1122 1032 1177 animique·
1047 1136 1237 1162 virorum

130 1172 313 1212 larorum
344 1183 556 1228 apparent.
608 1176 697 1215 Nec
726 1189 942 1215 sermones
976 1188 1056 1228 ego
1088 1176 1250 1216 mallem
1325 1180 1403 1219 250

88 1225 302 1278 Repentes
333 1240 413 1280 per
442 1227 634 1279 humum,
666 1242 790 1284 quam
819 1241 890 1268 res
923 1241 1180 1281 componere
1212 1238 1372 1283 gestas3

90 1279 402 1334 Terrarumque
433 1281 535 1321 situs
568 1289 612 1321 et
642 1280 811 1321 ssumina
842 1281 1008 1332 dicere,
1041 1289 1084 1321 et
1116 1295 1233 1321 arces

88 1331 300 1371 Montibus
321 1333 555 1386 impositas,
586 1341 631 1374 et
660 1334 837 1374 barbara
867 1348 1020 1389 regna,
1053 1335 1222 1389 tuisque

90 1384 298 1436 Auspiciis
325 1393 461 1427 totum
481 1387 674 1427 confecta
706 1387 843 1427 duella
904 1401 952 1427 er
979 1387 1140 1436 orbem,

93 1436 366 1491 Claustraque
398 1441 614 1480 custodem
643 1440 757 1494 pacis
786 1441 882 1481 cohi
912 1440 1021 1480 entia
1047 1441 1209 1492 Ianum,
1325 1445 1403 1484 255

91 1489 150 1528 Et
179 1489 443 1531 formidatam
472 1493 639 1532 Parthis
670 1501 714 1532 te
745 1494 935 1547 principe
962 1494 1163 1544 Romam3
1316 1512 1318 1514 ’

93 1542 164 1594 Si,
205 1549 404 1596 quantum
434 1559 654 1599 cuperem,
696 1560 864 1600 possem
894 1559 1078 1601 quoque.
1140 1546 1226 1586 Sed
1264 1562 1402 1613 nefflue

148 1632 152 1634 a
909 1608 1054 1638 arvum

95 1647 272 1688 Carmen
302 1650 492 1690 maiestas
521 1651 673 1705 recipit
702 1659 796 1699 tua,
825 1613 905 1690 nel}
935 1665 1051 1690 meus
1080 1651 1206 1692 audet

93 1700 202 1739 Rem
227 1709 389 1742 tentare
414 1703 576 1756 pudor,
608 1719 732 1758 quam
760 1704 872 1745 vires
901 1704 1017 1743 ferre
1048 1714 1256 1745 recusent.

96 1752 301 1794 Sedulitas
333 1763 493 1805 autem,
519 1757 644 1796 stulte
677 1771 802 1810 quem
829 1757 984 1811 diligit,
1014 1765 1165 1811 urget3
1324 1759 1401 1798 260

93 1806 326 1860 Praecipue
359 1822 488 1862 quum
518 1821 562 1847 se
589 1810 770 1848 numeris
803 1810 1062 1849 commendat
1094 1818 1136 1849 et
1164 1818 1266 1850 arte.

95 1858 232 1898 Discit
259 1861 366 1900 enim
398 1861 517 1900 citius
552 1862 819 1916 meminitque
847 1862 1039 1902 libentius
1067 1863 1192 1911 illud,

96 1910 224 2004 guod
252 1914 343 1967 quis
372 1914 557 1965 deridet,
588 1929 711 1968 quam
740 1915 861 1968 ‚quod
894 1916 1047 1968 probat
1069 1923 1111 1955 et
1138 1924 1376 1956 veneratur.

136 1964 165 2002 il
190 1980 336 2006 moror
360 1966 546 2006 officium
576 1967 690 2022 quod
719 1981 786 2006 me
814 1976 978 2020 gravat,
1007 1983 1054 2008 ac
1081 1982 1219 2023 neque
1249 1967 1348 2009 ficto

96 2016 144 2058 In
174 2019 295 2072 peius
322 2020 443 2061 vultu
471 2020 653 2075 proponi
680 2032 828 2060 cereus
862 2033 1037 2077 usquam
1324 2020 1402 2063 265

97 2188 147 2200 ⁸-
164 2183 203 2207 v.
226 2176 304 2215 234,
327 2177 495 2217 nomisma
519 2188 600 2217 eum
621 2177 695 2210 Fea
718 2177 898 2219 dedimus,
927 2189 1033 2222 quem
1063 2177 1118 2212 Cf.
1143 2178 1249 2221 Vulg.
1270 2177 1401 2210 numnis·

99 2226 169 2252 ma.
191 2236 236 2246 ·—
255 2231 293 2254 v.
313 2221 392 2265 240.
418 2222 563 2257 cuderet
579 2234 667 2256 uera
689 2223 783 2256 coni.
807 2223 967 2256 Lambin.
987 2224 1116 2268 recipit
1140 2223 1255 2256 Bentl.
