1526 2404
472 162 704 191 cnnuiwn
735 164 821 190 un.
850 150 927 200 ul,
954 164 992 204 9.

607 271 794 310 Cunnum
815 269 887 309 IX.

420 360 653 401 CAImEN
687 357 1065 400 AMOEBAEUM.

1356 161 1402 202 91

144 450 393 483 suavissimum
417 451 519 483 amici
546 461 628 484 cum
658 449 772 482 amica
805 448 1052 493 colloquium,
1086 458 1157 492 quo
1189 448 1406 482 intermissus

77 494 295 541 aliquamdiu
320 506 424 529 amor
446 495 567 530 denuo
591 494 818 528 conciliatur.

563 561 717 595 Metram
740 559 842 607 quod
861 561 891 594 Ι.
916 563 949 596 3.

602 627 878 668 Horatius.

78 701 231 741 Donec
257 706 403 752 gratus
430 709 547 736 eram
575 697 673 746 fibi,

133 754 223 792 Nec
252 751 470 814 qnisquam
497 750 640 802 potior
660 749 834 791 brachia
862 747 1064 790 candidae

79 804 248 846 Cervici
274 816 436 843 luvems
466 803 612 842 dabat:

128 859 357 898 Persarum
380 855 495 909 vigui
522 863 627 910 rege
660 854 842 894 beatior.

660 931 697 970 L
704 945 730 983 y
740 930 767 970 d
777 930 792 969 i
801 945 836 971 a.

76 985 227 1024 Donec
254 996 339 1022 non
360 982 439 1022 alia
451 983 583 1036 magis

130 1036 302 1084 Arsi-sti,
328 1049 468 1090 neque
486 1045 590 1097 ‘erat
616 1036 749 1090 Lydia
774 1044 874 1091 post
901 1035 1085 1076 Chloen:

75 1089 197 1128 Multi
225 1088 358 1141 Lydia
383 1089 560 1129 nominis

129 1143 318 1183 Romana
344 1141 460 1196 vigui
492 1143 646 1183 clarior
671 1142 761 1182 nia.

194 1228 199 1234 ·
603 1219 646 1256 H
658 1231 684 1256 ο
694 1233 717 1256 r
728 1231 751 1255 a
761 1218 795 1257 ti
803 1233 832 1257 u
841 1233 874 1258 s.
939 1264 943 1267 V

73 1278 143 1321 Me
168 1295 278 1321 nunc
306 1281 490 1321 Thressa
518 1281 653 1322 Chlo&
690 1282 822 1343 regit,

126 1335 285 1374 Dulces
313 1335 440 1375 docta
466 1336 639 1385 modos,
668 1342 711 1373 et
725 1335 910 1375 c1tharae
926 1336 1083 1376 sciens:

74 1388 162 1427 Pro
191 1401 274 1442 qua
299 1402 383 1427 non
411 1396 595 1427 metuam
620 1388 750 1438 mori,

124 1440 174 1491 ‚Si
203 1450 380 1495 parcent
410 1441 568 1481 animae
598 1440 684 1481 fata
712 1442 941 1495 superstiti.

652 1518 688 1555 L
697 1515 829 1568 ydia.

74 1565 144 1607 Me
171 1575 309 1608 torret
334 1568 429 1608 face
469 1578 614 1612 mutua

132 1620 307 1660 Thurini
338 1622 471 1660 Calais
502 1621 610 1661 filius
650 1622 823 1674 Ornyti:

75 1673 162 1712 Pro
190 1689 273 1729 quo
301 1673 364 1713 bis
391 1675 526 1728 patiar
556 1675 686 1724 mori,

128 1726 174 1766 Si
198 1735 375 1781 parcent
401 1741 537 1781 puero
566 1727 655 1767 fata
684 1728 914 1781 superstiti.

601 1802 877 1842 Horatius.

77 1861 222 1916 Quid?
246 1864 282 1903 si
307 1865 446 1918 prisca
470 1866 583 1906 redit
612 1867 776 1915 Venus,

128 1915 420 1973 Diductosque
444 1920 544 1972 iugo
573 1920 687 1973 cogit
715 1920 879 1960 at‘ineo?

78 1967 124 2006 Si
147 1967 256 2009 flava
285 1973 494 2012 excutitur
533 1972 692 2021 Chloe,

123 2022 416 2079 Reiectaeque
443 2033 562 2080 patet
588 2025 709 2064 ianua
744 2026 932 2078 Lydiae?

1360 1350 1408 1376 10

1358 1677 1413 1716 15·

1352 2040 1402 2066 20

142 2163 215 2203 lx,
238 2175 270 2196 v,
295 2166 329 2198 5.
354 2165 459 2198 aliam
481 2166 604 2209 plures
629 2164 752 2202 codd.
776 2166 893 2201 Bentl.
921 2173 959 2202 et
985 2165 1103 2200 Vand.
1130 2167 1189 2203 Cf.
1215 2166 1338 2201 Bentl.
1364 2171 1402 2201 et

78 2205 190 2242 Both.
203 2207 354 2244 Annott.
367 2228 414 2236 —-
438 2222 469 2246 v,
482 2221 517 2254 9-
539 2211 664 2243 Cressa
681 2210 807 2247 codd.
823 2213 962 2256 aliquot
978 2211 1096 2249 vand.
1113 2215 1186 2246 alii.
1206 2211 1265 2248 Cf.
1281 2212 1396 2245 Bentl-
