1526 2404
396 173 624 201 manuum
653 176 737 201 mn.
765 162 845 215 111,
883 176 940 203 12.
965 165 1024 205 13.
1337 166 1390 220 95

62 270 100 320 l,
124 269 258 324 pedes
286 285 371 326 quo
398 281 441 312 te
469 274 634 328 rapiunt
655 282 698 314 et
738 285 887 322 aurae,

61 325 175 364 Dum
200 324 319 365 favet
345 339 428 364 nox
455 335 498 366 et
533 329 693 377 Venus3
719 326 734 365 i
761 325 947 365 secundo
1334 330 1388 370 50

63 377 238 426 Omine,
265 386 309 418 et
333 380 470 420 nostri
495 394 727 420 memorem
755 379 952 432 sepulcro

519 433 674 487 Sculpe
701 432 932 488 querelam.

568 559 755 599 CAnnEn
782 559 871 597 XII.

468 645 556 684 AD
590 642 990 702 NEOBULEN3

317 734 503 767 Neobules
528 738 664 768 sortem
684 733 811 765 misere
836 734 985 767 amantis
1009 731 1127 771 dolet.

430 809 607 843 Alea-um
631 809 784 842 ιὀηἱωωι
809 819 831 840 a
851 810 994 843 mae'rzore.

58 893 305 933 Miserarum
332 898 417 939 est,
444 902 583 944 neque
599 887 747 928 Amori
764 887 865 927 dare
892 887 1061 941 ludum,
1100 905 1240 948 neque
1271 893 1385 934 dulci

59 947 168 985 Mala
198 945 295 985 vino
322 944 488 991 lavere,
517 951 586 981 aut
611 941 838 981 exanimari
863 950 1099 983 metuentes
1389 948 1400 967 ’-

58 1000 241 1038 Patruae
267 995 448 1038 verbera
473 995 653 1049 linguae.
683 993 779 1033 Tibi
806 995 974 1049 qualum
1017 997 1251 1049 Cythereae

30 1059 36 1062 ”
58 1052 175 1092 Puer
201 1052 310 1101 ales,
337 1048 413 1089 tibi
438 1048 566 1097 telas,
599 1061 889 1102 operosaeque
907 1047 1120 1090 Minervae
1285 1067 1295 1073 ·

59 1103 253 1144 Studium
279 1102 437 1150 aufert,
463 1101 676 1150 Neobule,
703 1100 873 1153 Liparei
909 1101 1021 1141 nitor
1047 1103 1206 1155 Hebri,
1356 1108 1383 1148 5

59 1157 192 1197 Simul
217 1164 366 1196 unctos
394 1153 599 1193 Tiberinis
635 1154 835 1193 humeros
861 1154 962 1193 lavit
987 1155 1029 1194 in
1056 1157 1200 1207 undis,

58 1211 202 1265 Eques
228 1209 320 1263 ipso
347 1207 499 1247 melior
523 1206 881 1261 Bellerophonte,
910 1221 1049 1263 neque
1076 1224 1221 1264 pugno

57 1265 205 1318 Neque
236 1261 355 1316 segni
381 1260 493 1314 pede
521 1261 680 1302 victus:
709 1267 825 1300 catus
854 1260 967 1300 idem
993 1276 1073 1315 per
1102 1272 1295 1317 apertum

59 1316 288 1370 Fugientes
318 1313 476 1368 agitato
506 1328 639 1368 grege
668 1327 818 1353 cervos
854 1313 1046 1365 iaculari,
1076 1324 1119 1354 et

60 1365 188 1410 Celer
218 1375 334 1408 arcto
362 1368 592 1407 latitantem
618 1366 820 1407 fruticeto
859 1367 1055 1421 excipere
1084 1383 1244 1422 aprum.
1335 1384 1382 1411 ιο

558 1486 746 1526 Qum«
773 1486 880 1525 xm.

290 1573 378 1614 AD
415 1571 696 1614 FONTEM
731 1575 1141 1616 BANDUSIUM.

104 1661 212 1696 Ponti
235 1659 450 1695 Blandusino
475 1663 685 1696 sacrificium
708 1663 884 1707 promittit
910 1665 1054 1708 eiusque
1081 1662 1172 1700 dicit
1199 1665 1335 1698 laudes.

435 1750 590 1783 Metram
616 1759 656 1783 nt
678 1750 736 1785 lib.
760 1751 788 1783 I.
814 1750 932 1785 Cat-m.
957 1752 992 1788 5.

61 1826 101 1866 Ο
126 1825 222 1866 fons
248 1826 506 1876 Bandusiae,
535 1809 792 1879 splendidior
821 1827 955 1879 vitro,

59 1880 184 1919 Dulci
211 1880 336 1934 digne
366 1892 484 1919 mero
500 1908 511 1930 ‚
538 1893 622 1918 non
648 1878 735 1918 sine
763 1877 957 1932 floribus,

104 1993 136 2015 v.
161 1982 216 2015 52.
243 1980 368 2025 Sculpe
390 1981 492 2014 multi
508 1976 632 2015 codd.
658 1986 696 2015 et
717 1978 812 2014 Edd.
835 1990 924 2023 quos
947 1987 1133 2017 enumerat
1154 1983 1246 2025 Fea,
1271 1994 1377 2027 quem

61 2024 119 2063 Cf.
143 2025 215 2059 Sed
237 2026 393 2060 totidem
416 2026 489 2057 sere
514 2025 640 2069 scalpe,
1378 2031 1380 2033 ’

104 2071 194 2111 ΧΠ,
222 2083 253 2104 v.
278 2072 311 2104 5.
335 2070 481 2104 Bothius
505 2077 653 2103 auctore
679 2069 721 2104 H.
749 2069 931 2114 Stephano
954 2076 1039 2115 post
1060 2072 1171 2105 Hebri
1190 2074 1297 2117 plene
1322 2073 1376 2104 in-

60 2117 255 2159 ter-pungit.
287 2134 334 2140 -—
370 2127 401 2150 v.
434 2125 483 2149 ιο.
522 2123 600 2146 ιιι-ιο
626 2114 682 2146 vel
704 2123 803 2147 arceo
828 2114 947 2149 Codd,
971 2117 1136 2153 Lambin.
1158 2117 1279 2153 Bentl.
1302 2117 1376 2151 alii.

60 2159 257 2203 Pleraeque
283 2159 381 2196 Edd.
406 2161 491 2193 olim
517 2159 600 2192 alto.
626 2158 682 2192 Cf.
708 2158 823 2194 Bentl.
848 2167 886 2194 et
909 2162 995 2193 Fea.

106 2203 191 2236 XIII
202 2228 213 2246 ‚
238 2217 270 2240 v.
285 2216 317 2241 ι.
339 2206 516 2238 Plurimae
531 2202 623 2239 Edd.
638 2202 808 2238 mendose
819 2204 1033 2240 Blandusiae
1043 2207 1093 2244 V.
1107 2205 1226 2240 Benu.
1237 2210 1277 2239 et
1288 2203 1374 2239 rea.
