1526 2404
477 208 717 239 ermom
751 196 837 234 nh.
868 195 926 234 ¹1:
942 188 982 235 5.
1335 211 1397 255 79

14 302 35 350 J
79 306 199 347 Haec
220 304 423 354 habeant,
446 310 563 344 tanto
590 301 792 357 reprendi
817 302 967 343 iustius
992 302 1098 356 illis,

79 360 203 418 Quae
227 359 308 400 nisi
333 358 531 399 divitibus
558 364 782 449 nffueant'
798 357 1044 412 contingere
1069 358 1258 400 mensis?

235 434 241 440 .
641 417 864 450 oratius.
1158 420 1162 425 '

76 466 216 506 Docte
243 463 359 517 Cati,
384 476 465 518 per
495 462 715 503 amicitiam
741 462 962 519 ,Divosque
985 473 1184 519 rogatus,

76 519 250 558 Ducere
276 532 346 559 me
375 516 583 566 auditum,
606 529 762 570 perges
791 530 1067 573 quocunque,
1089 526 1316 563 memento.

76 573 180 611 Nam
198 572 387 628 quamvis
406 570 586 609 memon‘
606 568 770 609 referas
796 569 896 612 mihi
916 579 1094 625 pectore
1117 580 1289 624 cuncta,
1341 584 1395 628 90

23 626 31 630 ”
75 627 173 665 Νοιι
196 633 336 665 tamen
362 625 570 685 interpres
595 622 839 662 tantundem
866 623 1035 664 iuveris.
1075 624 1200 665 Adde

77 677 255 721 Vultum
270 677 543 770 habitumffle
559 675 760 726 hominis;
789 690 917 731 quem
945 686 992 718 tu
1011 678 1166 718 vidisse
1194 676 1344 719 beatus

76 732 172 771 Non
197 744 266 770 ma
298 730 339 770 ni
362 743 447 784 pen
522 759 536 779 ,
561 729 875 784 quia'contigit3
910 739 952 771 at
971 731 1072 770 mihi
1097 744 1199 770 cura

73 785 171 823 Non
198 796 267 822 me
300 783 423 822 'ocris
447 783 582 833 inest,
610 782 752 822 fontes
782 791 830 822 ut
858 784 975 824 adire
1001 791 1215 836 remotos,

77 837 220 893 Atque
243 835 414 876 haurire
433 836 722 894 queam'vitae
748 845 977 892 praecepta
994 836 1156 877 beatae.
1342 836 1398 891 95

600 1023 770 1064 Sarma
810 1022 867 1069 V.

143 1126 187 1160 In
205 1137 248 1160 eo
268 1125 424 1171 populo,
445 1122 541 1168 apud
559 1135 665 1168 quem
685 1126 843 1168 ingentes
862 1135 950 1169 opes
970 1132 1036 1168 per
1052 1124 1156 1169 plura
1171 1126 1291 1159 secula
1309 1126 1393 1160 coa‘-

79 1177 254 1213 conatae,
278 1181 394 1215 neque
416 1180 479 1202 eac
503 1179 568 1214 per
591 1175 787 1203 mercatum
806 1176 866 1202 aut
888 1169 1111 1214 opificiorum
1137 1176 1171 1203 et
1195 1172 1321 1203 artium
1342 1172 1398 1203 in-

77 1217 210 1250 dustria
228 1215 406 1248 laboriose
423 1214 662 1258 conquisitae,
687 1214 750 1247 sed
766 1226 808 1248 ex
826 1221 903 1248 toto
920 1220 1094 1247 terrarum
1114 1216 1201 1249 orbe
1219 1216 1398 1249 bellorum

76 1262 208 1307 rapinis
228 1266 371 1294 coactae
387 1270 556 1291 summam
574 1261 752 1292 avaritiam
773 1266 806 1292 et
818 1285 828 1302 ,
852 1260 951 1292 Livio
969 1265 1079 1302 teste,
1106 1259 1313 1293 desiderium
1333 1273 1398 1306 per·

75 1307 200 1340 latrum
222 1313 330 1351 atque
353 1303 529 1337 libidinem
556 1304 729 1348 pereundi
773 1304 985 1350 erdendique
1013 1306 1130 1337 omnia
1159 1306 1397 1350 peperissent3

77 1351 173 1396 apud
191 1362 297 1396 quem
311 1352 365 1382 vel
383 1360 574 1394 puerorum
594 1349 732 1383 educan
760 1362 861 1383 orum
884 1350 976 1391 ratio¹
991 1349 1078 1382 nihil
1094 1350 1190 1383 aliud
1209 1352 1282 1384 sere
1294 1363 1397 1395 spec-

77 1401 190 1437 taret,
216 1406 321 1440 quam
345 1400 383 1427 ut
409 1394 540 1427 teneris
566 1395 634 1426 iam
658 1397 757 1428 annis
783 1396 941 1428 iuventus
969 1393 1036 1427 hac
1057 1397 1225 1439 aerugine
1249 1405 1282 1428 ει
1308 1408 1398 1428 σαι-α

76 1441 212 1486 peculii
223 1440 436 1473 imbueretur
459 1438 606 1481 (Horat.
624 1440 666 1471 A.
690 1441 729 1472 P.
757 1442 822 1474 325
842 1439 971 1484 seqq.),
996 1444 1035 1471 ut
1056 1451 1178 1473 omnes
1201 1453 1273 1473 uno
1299 1442 1398 1485 quasi

80 1496 144 1518 ore
173 1484 243 1518 hoc
272 1489 501 1529 praeceptum
537 1484 787 1527 decantarent,
827 1483 1034 1531 quaerenda
1059 1487 1210 1530 pecunia
1245 1487 1397 1531 primum

79 1538 148 1569 est,
167 1530 287 1561 Virtus
303 1537 386 1573 post
402 1540 584 1569 nummos‚·
598 1530 635 1561 in
658 1542 701 1563 eo
723 1531 830 1573 igitur
849 1531 984 1575 populo
1006 1540 1046 1562 ea
1064 1541 1120 1562 ars
1139 1542 1215 1563 rem
1236 1531 1397 1574 augendi,

80 1585 171 1619 quae
189 1575 225 1605 in
242 1573 309 1606 hac
327 1573 440 1605 Satira
456 1573 686 1616 describitur,
708 1576 868 1619 plurimis
884 1575 1006 1617 utique
1023 1575 1164 1607 innoxia
1185 1581 1288 1618 atque
1307 1575 1398 1608 adeo

81 1619 227 1652 honesta
243 1618 354 1650 videri
375 1617 507 1649 debuit.
532 1619 600 1650 Per
618 1618 793 1651 benorum
820 1621 911 1653 enim
937 1620 1087 1650 civilium
1109 1620 1228 1651 turbas
1250 1621 1400 1653 maxima

82 1665 209 1698 civium
233 1673 313 1708 pars
336 1673 477 1694 omnem
497 1662 571 1696 sere
590 1663 781 1696 honestatis
804 1669 838 1697 et
857 1663 996 1696 decoris
1018 1675 1158 1695 sensum
1176 1664 1399 1708 perdiderat;

82 1714 187 1752 atque
202 1719 282 1741 cum
305 1708 386 1739 satis
406 1709 646 1752 exemplorum
666 1707 762 1752 apud
783 1714 924 1752 poetam
950 1713 1107 1745 nostrum
1128 1714 1161 1741 et
1181 1709 1269 1741 alios
1287 1710 1399 1754 scrip-

80 1758 176 1786 tores
200 1758 406 1793 occurrant,
431 1752 605 1784 Romanos
631 1753 704 1785 eius
729 1754 872 1794 aetatis,
904 1759 942 1785 ut
971 1752 1106 1785 divitias
1131 1755 1398 1797 conquirerent,

81 1799 218 1832 nullum
233 1797 367 1841 legibus
384 1798 529 1830 vetitum
550 1798 683 1830 crimen
704 1809 819 1842 neque
839 1799 991 1837 fenoris,
1018 1808 1132 1841 neque
1155 1800 1323 1842 periurii,
1340 1806 1400 1841 aut

81 1843 263 1888 parricidii
287 1842 525 1876 detrectasse:
550 1848 681 1885 quanto
709 1843 822 1875 minus
845 1842 914 1876 hoc
936 1841 1119 1875 artificium
1149 1844 1399 1877 reformidave-

82 1889 174 1930 rint,
198 1887 296 1932 quod
314 1899 428 1932 neque
449 1889 542 1930 leges
558 1893 730 1929 vetarent,
753 1894 787 1920 et
802 1888 899 1931 quod
919 1899 1013 1920 nunc
1031 1892 1102 1920 tam
1121 1889 1278 1932 proclive
1296 1895 1398 1932 esset,

84 1934 250 1976 quoniam
271 1933 306 1965 in
323 1932 375 1965 his
393 1932 540 1977 perditis
557 1932 715 1964 moribus
736 1933 887 1966 caelibes
909 1939 942 1966 et
962 1931 1039 1965 orbi
1058 1934 1149 1966 avari
1170 1933 1281 1966 indies
1292 1945 1398 1978 auge-

83 1983 228 2019 rentur,
259 1983 365 2022 atque
390 1977 612 2010 consuetudo
642 1978 804 2010 Romanis
833 1979 1069 2023 frequentata,
1090 1979 1239 2011 maiores
1266 1980 1399 2012 amicos

86 2026 123 2054 et
138 2022 358 2066 potentiores
377 2022 468 2056 cives
487 2023 583 2055 omni
604 2034 731 2066 genere
750 2023 950 2057 officiorum
971 2023 1230 2068 prosequendi,
1252 2036 1295 2057 eo
1312 2025 1399 2057 faci·

86 2065 213 2100 liorem
231 2066 365 2099 aditum
377 2067 422 2099 ad
437 2067 610 2101 eiusmodi
628 2067 786 2101 homines
804 2062 1014 2113 praeberet?
1038 2068 1090 2100 Ita
1105 2067 1247 2101 tandem
1267 2070 1399 2103 sactum

87 2116 157 2153 est,
178 2117 219 2145 ut
242 2112 389 2145 sortasse
410 2113 447 2145 in
471 2115 568 2146 nullo
590 2113 659 2145 alio
683 2124 837 2157 unquam
862 2114 997 2158 populo
1018 2114 1143 2157 magis,
1174 2125 1278 2190 Pam
1303 2114 1399 2159 apud

88 2154 262 2190 Romanos
286 2157 355 2191 hoc
379 2162 670 2192 testamentorum
699 2158 952 2203 captandorum
973 2158 1126 2192 studium
1143 2170 1164 2191 a
1210 2159 1398 2204 eredipetis

80 2203 255 2244 'tanquam
273 2202 462 2246 peculiaris
481 2202 655 2247 quaedam
676 2214 730 2236 ara
749 2208 785 2236 et
797 2204 962 2249 proprius
982 2209 1144 2247 quaestus
1164 2210 1397 2237 exerceretur.

91 2243 207 2290 Atque
227 2257 298 2293 qno
321 2247 430 2293 magis
451 2248 678 2294 imperatoria
697 2254 859 2296 tempora
875 2249 1100 2293 vilescerent,
1126 2259 1170 2284 eo
1192 2249 1295 2283 latius
1310 2248 1400 2283 haee
1450 2255 1453 2259 '
