1526 2404
454 225 713 256 nrisronan.
738 225 824 252 ιω.
853 213 884 252 1.
916 214 977 253 15.
1301 227 1376 266 ⁸27

55 321 144 360 Per
169 319 353 361 medimn
380 317 530 373 frigus.
564 319 694 359 'Sane
720 326 903 359 murteta
934 318 1139 374 relinqui,
1346 315 1376 360 5

55 374 266 429 Dictaque
291 380 523 414 cessantem
549 372 698 413 nervis
719 372 879 412 elidere
905 371 1102 412 morbum
1222 412 1225 413 γ

56 418 231 466 Sulfura
258 425 490 474 contemni,
518 425 636 465 vicus
663 425 815 479 gemit,
841 425 1005 465 invidus
1034 424 1194 479 aegris,

99 479 144 518 ui
170 487 296 533 caput
320 487 364 520 et
387 478 646 518 stomachum
673 491 913 532 supponere
940 478 1128 518 fontibus
1155 477 1311 519 audent

93 532 259 584 lusinis,
287 531 528 586 Gabiosque
552 539 704 585 petunt
732 540 776 571 et
802 530 958 585 frigida
983 545 1095 571 rura.

0 622 2 625 .
52 585 275 624 Mutandus
301 585 420 624 locus
449 591 533 634 est,
561 592 605 624 et
631 584 875 624 deversoria
902 593 1000 624 nota
1323 596 1372 622 ιο

52 637 418 691 Praeteragendus
445 650 591 691 equus.
646 638 745 698 Quo
771 637 939 676 tendis?
959 652 1049 677 mn
1076 637 1179 677 mihi
1205 638 1370 677 Cumas.

52 692 131 730 Est
157 691 241 730 iter
268 698 341 730 aut
364 689 512 739 Baias,
538 689 659 730 laeva
687 690 977 730 stomachosus
998 689 1168 731 'habena

52 744 181 783 Dicet
206 754 360 798 eques‘:
387 742 463 782 sed
492 743 609 797 equis
639 742 806 782 frenato
836 751 900 783 est
928 745 1037 783 auris
1065 745 1106 792 in
1136 757 1212 783 ore
1222 743 1257 795 3)

52 796 188 835 Maior
214 804 356 836 utrum
414 796 592 848 apulum
613 795 814 835 frumenti
847 797 970 849 copia
994 805 1162 851 pascat3

56 849 324 888 Collectosne
350 848 391 888 b·
424 856 493 889 ant
518 848 696 895 imbres,
723 857 930 902 puteosne
951 863 1160 903 perennes
1323 848 1372 889 15

54 901 200 944 Dulcis
225 915 380 956 aquae3
407 896 534 954 (nam'
547 901 642 940 vina
666 902 768 941 nihil
793 914 939 941 moror
966 904 1076 955 illius
1104 917 1219 943 orae.

52 955 172 994 Rure
188 967 294 1010 ⁸meo
315 968 489 1008 possum
514 954 678 1016 quidvis
706 955 904 1008 perferre
932 957 1125 1010 patique:

17 1055 22 1058 Δ
55 1007 125 1046 Ad
150 1020 267 1046 mare
292 1021 420 1062 quum
448 1021 565 1057 vem,
594 1021 847 1061 generosum
874 1016 917 1047 et
943 1009 1039 1048 lene
1065 1009 1266 1063 requiro,

53 1059 184 1115 Quod
211 1073 332 1105 curas
360 1059 520 1113 abigat,
548 1061 664 1115 quod
690 1074 785 1100 cum
810 1074 886 1114 spe
916 1061 1045 1102 diuite
1072 1071 1211 1101 manet

51 1113 100 1151 In
126 1126 252 1152 venas
278 1113 540 1167 animumque
567 1127 731 1164 meum,
765 1114 881 1168 quod
913 1114 1043 1154 verba
1069 1115 1289 1166 ministret,
1318 1127 1370 1154 20

53 1165 184 1234 Quod
209 1179 278 1205 me
303 1167 496 1205 Lucanae
523 1165 719 1206 iuvenem
746 1168 1014 1207 commendet
1047 1168 1201 1208 amicae
1211 1169 1246 1220 3)

53 1221 231 1258 'lractus
256 1226 355 1258 uter
380 1219 524 1272 plures
550 1218 744 1272 lepores,
769 1227 867 1259 uter
894 1220 1046 1261 educet
1074 1235 1223 1274 apros3

52 1272 157 1311 Utra
180 1272 311 1326 magis
342 1272 478 1324 pisces
507 1280 551 1311 et
578 1272 749 1312 echinos
777 1286 826 1312 ae
889 1287 962 1313 ora
990 1275 1152 1324 celent,

51 1323 130 1363 Pin
191 1324 201 1332 ⁹
248 1333 296 1364 ut
319 1324 417 1363 inde
447 1324 617 1364 domum
644 1326 802 1379 possim
866 1327 1081 1382 haeaxque
1109 1330 1292 1382 reverti3

53 1377 109 1416 Sc
176 1390 248 1416 ere
275 1385 320 1417 te
347 1377 491 1427 nobis,
518 1377 594 1417 tihi
619 1392 695 1417 nos
721 1379 970 1429 accredere,
997 1395 1074 1434 par
1102 1388 1176 1420 est.
1316 1384 1371 1423 25

0 1474 2 1477 Ι
52 1430 260 1480 Maenius,
287 1438 335 1469 ut
362 1430 488 1469 rebus
516 1432 711 1470 maternis
742 1441 867 1486 atque
894 1434 1079 1486 paternis

53 1482 241 1522 Fortiter
266 1482 462 1522 absumtis
490 1483 672 1523 urbanus
701 1486 841 1538 coepit
866 1485 1057 1537 haberi,

55 1534 212 1574 Scurra
236 1548 388 1588 vaguS,
414 1549 499 1574 non
525 1538 597 1590 qui
625 1545 788 1576 certum
814 1552 1022 1592 praesepe
1050 1548 1240 1591 teneret,

51 1587 286 1640 Impransus
314 1601 398 1626 non
427 1589 498 1641 qui
525 1589 661 1628 civem
688 1590 1130 1643 dignosceret'hoste,

51 1639 279 1731 guaelibet
304 1639 347 1678 in
374 1641 561 1694 quemvis
591 1655 615 1679 0
647 1642 819 1694 probria
845 1643 1006 1696 fingere
1034 1659 1209 1697 saevus,
1314 1646 1368 1687 30

91 1693 265 1732 ernicies
295 1700 338 1731 et
363 1701 587 1746 tempestas
615 1656 941 1749 Barathrumque
970 1699 1157 1749 macelli,

51 1744 269 1838 guidquid
298 1746 553 1799 quaesierat,
581 1747 718 1784 ventri
745 1747 924 1786 donabat
952 1763 1092 1788 avaro.

97 1798 156 1850 'c,
181 1797 254 1837 ubi
280 1798 487 1856 nequitiae
513 1798 749 1838 fautoribus
777 1808 820 1840 et
846 1801 999 1840 timidis
1023 1802 1082 1840 nil

50 1961 96 1970 .-
116 1953 155 1975 v.
180 1944 212 1976 5.
233 1949 389 1975 murteta
411 1943 618 1976 vetustiores
642 1944 756 1977 Codd.
783 1946 865 1979 vid.
888 1946 1000 1978 Bentl.
1025 1964 1068 1971 —
1090 1958 1128 1978 v.
1158 1958 1208 1980 ια.
1234 1953 1373 1982 stoma-'

51 1988 180 2020 chalus
205 1987 321 2020 Codd.
348 1989 481 2031 aliquot
506 1989 614 2030 Fene,
648 2002 752 2033 quem
777 1990 830 2023 Cf.
849 2001 899 2015 ’--
920 2002 956 2023 v.
986 1993 1036 2025 13.
1061 1993 1162 2037 equis
1187 1993 1297 2026 Bentl.
1319 2001 1368 2028 -et

50 2033 121 2066 Fea
147 2044 166 2065 e
191 2031 306 2065 Codd.
331 2034 413 2065 suis.
439 2034 553 2075 vulg..
569 2036 662 2078 equi.
686 2053 732 2060 —
754 2047 789 2067 υ.
820 2037 870 2069 16.
897 2036 996 2079 iugis
1021 2048 1136 2082 aquae
1161 2037 1251 2069 Edd.
1283 2045 1365 2072 vett.

51 2076 124 2110 Sed
146 2077 260 2109 Codd.
286 2079 414 2122 partim
438 2078 532 2121 iugis
556 2080 684 2122 partim
710 2079 838 2113 dulcis.
862 2080 943 2113 Vid.
967 2082 1048 2114 Fea.
1066 2102 1109 2107 —
1131 2094 1166 2115 v.
1188 2083 1363 2128 17.quod-

54 2122 106 2154 vis
131 2123 224 2155 coni.
250 2122 420 2155 Heinsius.
445 2123 516 2156 Sed
541 2123 595 2155 Cf.
619 2125 730 2159 Bentl.
755 2145 798 2151 —
822 2137 858 2158 v.
884 2127 938 2159 30.
965 2127 1156 2171 opprobria
1187 2130 1366 2171 stringere

39 2167 147 2198 coni.
167 2167 284 2199 Heius.
309 2167 380 2201 Sed
395 2168 448 2200 Cf.
473 2168 583 2201 Bentl.
609 2188 653 2195 --
671 2177 712 2202 v.
733 2172 787 2204 32.
807 2170 968 2203 donarat
1007 2173 1099 2205 lures
1114 2172 1229 2205 Codd.
1251 2175 1365 2206 Bentl.

49 2210 184 2288 {celasti
193 2211 356 2245 aliorum.
373 2211 543 2255 donaret
563 2213 682 2249 Editio
705 2215 936 2250 Cadomensis
959 2227 972 2250 ι
1000 2217 1046 2252 80
1067 2222 1102 2251 et
1124 2218 1237 2251 Bentl.
1263 2219 1363 2252 coni-
