1526 2404
105 179 161 225 ῃ
560 156 601 225 ρ’.
630 180 815 210 noan-n
842 180 1002 209 rnAccx

107 281 330 316 familiaritas
362 289 444 313 cum
479 278 691 311 Maecenate
724 273 927 308 intercedat
959 284 980 306 a
1002 274 1163 318 plurimis
1196 275 1359 316 ignorata
1383 277 1446 305 aut

108 328 202 360 male
229 325 402 365 iudicata,
430 328 536 367 atque
564 324 624 368 qui
640 331 760 355 mores
779 325 816 352 et
837 319 951 364 qualis
973 319 1110 352 vivendi
1133 319 1224 352 ratio
1241 319 1444 352 Maecenati

108 374 268 418 placeat.
291 367 479 414 Ileindorgf.

110 492 226 533 Ibam
254 492 372 531 forte
400 491 480 534 Via
504 505 644 543 sacra,
676 490 784 531 sicut
810 504 929 531 meus
960 497 1025 530 est
1051 503 1169 541 mos,

108 547 263 585 Nescio
294 544 396 599 quid
423 545 628 585 meditans
658 559 888 606 nugarum,
919 552 963 582 et
989 548 1103 583 totus
1133 543 1176 583 in
1205 541 1310 582 illis=

108 598 308 638 Accurrit
335 598 504 651 quidam
532 606 655 637 notus
684 598 786 636 m1hi
819 597 986 637 nomine
1014 604 1201 647 tantum,

107 653 380 705 Arreptaque
407 665 554 696 manu,
585 651 701 711 Quid
730 651 839 705 agis,
870 649 1108 689 dulcissime
1136 646 1312 688 rerum?

109 705 329 754 Suaviter,
366 712 415 744 ut
440 718 550 744 nunc
580 713 666 756 est,
703 705 898 759 inquam,
933 710 976 742 et
1011 702 1136 756 cupio
1165 700 1304 742 omnia
1334 712 1444 757 quae

910 756 985 795 vis.
1418 752 1446 793 5

110 810 259 903 guum
288 818 584 861 assectaretur,
613 812 723 850 Num
745 809 848 864 quid
875 808 968 849 vis?
1001 820 1188 861 occupo:
1215 814 1258 846 at
1283 806 1379 858 ille,

152 864 236 903 oris
265 878 364 913 nos,
391 864 525 918 inquit
535 879 546 913 3
579 863 696 903 docti
724 877 879 902 sumus.
910 862 991 901 Hic
1025 874 1130 913 ege,
1157 859 1298 899 Pluris

107 918 204 956 Hoc
221 947 232 966 ,
261 917 454 971 inquam,
483 917 585 955 mihi
606 917 702 956 eris.
730 917 885 960 Misere
910 914 1133 955 discedere
1157 925 1392 967 quaerens,

107 971 176 1008 Ire
195 970 326 1008 modo
347 970 463 1009 ocius
477 1000 487 1020 ,
513 970 728 1009 interdum
756 969 1010 1018 consistere,
1030 967 1072 1006 in
1094 979 1240 1005 aurem

107 1023 267 1062 Dicere
287 1023 430 1061 nescio
452 1023 554 1077 quid
576 1035 713 1075 puero
725 1036 736 1072 3
766 1036 896 1076 quum
915 1021 1048 1059 sudor
1066 1019 1119 1059 ad
1137 1019 1246 1058 imos
1397 1029 1446 1057 ιο

107 1078 297 1115 Manaret
324 1077 444 1114 talos.
488 1075 527 1115 Ο
558 1084 623 1124 te,
651 1076 835 1124 Bolane,
865 1073 1032 1113 cerebri

106 1128 316 1167 Felicem!
353 1128 515 1166 aiebam
542 1129 713 1177 tacitus,
743 1142 874 1180 quum
904 1125 1112 1180 quidlibet
1137 1125 1211 1165 ille

108 1181 324 1229 Garriret,
356 1180 495 1228 vicos,
526 1180 676 1218 urbem
706 1179 911 1217 laudaret.
957 1180 1012 1216 Ut
1040 1177 1101 1215 illi

107 1234 175 1272 Nil
204 1231 537 1285 respondebam,
563 1232 719 1270 Misere
746 1244 798 1269 cu
812 1231 886 1280 fis,
912 1230 1068 1284 inquit,
1099 1228 1238 1280 abire,

106 1285 354 1324 Iamdudum
384 1285 532 1334 video,
565 1285 640 1323 sed
668 1284 725 1322 nil
754 1246 862 1336 θιὼ,
890 1296 1024 1336 usque
1052 1281 1234 1331 tenebo,
1396 1280 1444 1320 15

104 1340 363 1392 Prosequar.
384 1338 494 1376 Hinc
510 1351 594 1391 quo
608 1349 718 1376 nunc
732 1337 814 1375 iter
828 1344 891 1375 est
908 1334 1014 1374 tibi?
1034 1358 1088 1363 —
1110 1335 1179 1373 Nil
1191 1347 1298 1387 opus
1321 1341 1386 1373 est
1398 1341 1443 1372 te

108 1391 301 1430 Circuma
335 1391 348 1428 i
358 1405 370 1441 3
400 1392 607 1444 quendam
636 1389 735 1429 volo
769 1389 904 1428 visere
927 1401 1013 1427 non
1038 1387 1116 1426 tibi
1143 1395 1314 1437 notum3

107 1446 239 1482 Trans
263 1404 452 1482 Tiffierim
471 1444 598 1496 longe
619 1441 746 1481 cubat
763 1442 796 1480 is
810 1472 820 1491 ,
839 1455 978 1495 prope
1004 1440 1192 1480 Caesaris
1212 1440 1375 1479 hortos.
1388 1462 1443 1469 —-

43 1515 47 1521 »
108 1496 176 1535 Nil
204 1495 344 1535 habeo
366 1495 482 1550 quod
511 1509 655 1549 agam,
683 1503 726 1534 et
752 1508 836 1533 non
857 1509 948 1533 sum
975 1494 1121 1547 piger-3
1138 1506 1272 1548 usque
1290 1505 1444 1548 sequar

907 1555 965 1586 te.
993 1570 1048 1576 --

106 1602 298 1642 Demitto
328 1601 534 1640 auriculas
563 1610 611 1641 ut
637 1601 803 1654 iniquae
831 1601 981 1639 mentis
1002 1600 1177 1649 asellus,
1391 1609 1443 1638 20

153 1669 254 1694 uum
282 1655 452 1708 gravius
486 1655 614 1693 dorso
644 1653 771 1693 subiit
800 1667 916 1692 onus.
947 1652 1096 1705 Incipit
1125 1652 1218 1691 ille:

144 1725 158 1748 1
182 1708 292 1747 bene
321 1720 391 1746 me
418 1708 539 1757 novi,
572 1721 656 1746 non
685 1707 857 1748 Viscum
885 1705 1018 1759 pluris
1042 1705 1242 1755 amicum,

108 1763 204 1801 Non
231 1759 407 1802 Varium
434 1760 584 1810 facies3
616 1774 709 1799 nam
739 1759 830 1813 quis
857 1773 924 1797 me
954 1757 1142 1797 scribere
1171 1758 1315 1810 plures

107 1814 196 1854 Aut
219 1812 338 1852 citius
366 1814 499 1865 possit
528 1811 709 1852 versus?
739 1812 831 1866 quis
860 1810 1048 1850 membra
1076 1822 1250 1850 movere
1285 1850 1287 1852 .

109 1864 309 1906 Mollius?
333 1865 519 1905 invideat
546 1866 663 1920 quod
693 1873 735 1904 et
763 1867 1079 1916 Hermogene8‚
1116 1876 1198 1915 ego
1226 1871 1360 1903 canto.
1388 1863 1441 1904 25

110 1918 407 1972 Interpellandi
434 1919 553 1958 locus
582 1919 651 1958 hie
681 1925 783 1958 erat.
810 1939 862 1949 -—-
883 1917 961 1956 Est
988 1915 1064 1956 tibi
1091 1915 1256 1956 mater?

179 2080 256 2120 lx,
285 2091 316 2111 v.
337 2089 366 2111 ι.
403 2077 502 2109 Ibam
529 2075 686 2121 utjbme
707 2074 822 2109 Benfl.
848 2087 890 2109 ex
914 2085 1014 2111 mera
1043 2074 1138 2107 coni.
1170 2073 1225 2106 Cf.
1251 2071 1377 2105 Heind.
1404 2077 1440 2105 et

109 2123 214 2158 Both.
239 2124 423 2155 Annotatt.
446 2139 492 2147 ·—·
523 2134 558 2154 v.
574 2124 604 2154 3.
643 2123 808 2154 Occurrit
831 2123 954 2165 plures
982 2119 1103 2155 Codd.
1129 2124 1165 2151 et
1188 2118 1278 2149 Edd.
1294 2118 1338 2149 V.
1355 2118 1439 2149 Fea.

109 2187 155 2195 —
175 2180 211 2201 v.
234 2169 285 2202 ιδ.
321 2169 525 2212 Prosequnr
559 2167 675 2198 Bentl.
716 2178 735 2198 e
766 2167 931 2210 pluribus
961 2165 1078 2198 Codd.
1111 2162 1462 2208 probanteaefleind„

109 2214 217 2257 Vulg.
237 2224 443 2259 per-sequar,
469 2210 568 2255 quod
591 2212 667 2245 Fea
690 2216 823 2244 tuetur.
