1526 2404
154 190 169 215 ι
183 186 231 217 19.
629 183 816 215 uonATn
848 183 1006 213 FLAGCI

149 282 210 328 (—
233 293 263 314 v.
288 280 376 326 58),
411 280 572 324 adeoque
595 279 771 312 luxuriam
802 284 838 313 et
870 280 1068 325 voluptates
1093 281 1154 326 (—
1175 294 1206 315 v.
1225 281 1292 326 66)
1329 285 1476 314 strenue

146 328 292 370 sectari,
319 337 423 371 quam
442 325 628 370 trepidare
647 326 685 357 in
707 325 796 360 vitae
818 325 1039 370 rationibus,
1060 327 1239 371 titubare,
1261 328 1330 360 alia
1343 327 1476 360 sentire

149 380 185 409 et
208 374 331 418 loqui,
357 373 425 405 alia
446 372 620 405 factitare.
1064 395 1068 398 .

147 518 217 558 Nil
247 517 442 558 admirari
468 529 606 571 prope
633 530 704 557 res
733 524 797 556 est
823 532 927 567 una,
954 514 1143 566 Numici,

147 570 355 627 Solaque,
383 585 492 626 quae
521 569 656 624 possit
682 570 828 610 facere
855 578 898 610 et
923 582 1095 610 servare
1117 568 1299 608 beatum.

144 627 270 664 Hunc
299 625 458 674 solem,
488 632 533 663 et
561 623 724 675 stellas,
757 632 799 664 et
829 623 1078 664 decedentia
1105 622 1232 662 certis

147 681 362 732 Tempora
387 677 632 727 momentis,
660 686 755 717 sunt
784 678 857 732 qui
882 676 1110 717 formidine
1138 675 1253 715 nulla

145 732 300 772 Imbuti
328 739 532 785 spectent.
563 730 678 791 Quid
705 744 851 771 censes
875 744 1049 770 munera
1066 727 1238 769 terrae?
1447 729 1475 770 5

150 785 266 847 Quid
299 785 423 824 maris
453 792 664 824 extremos
692 783 852 823 Arabas
882 783 1048 823 ditantis
1079 791 1122 822 et
1147 781 1304 822 Indos?

145 838 328 878 Ludicra
353 837 476 893 quid,
505 838 698 891 plausus,
727 846 771 877 et
800 838 920 878 amici
948 837 1058 877 dona
1086 835 1295 890 Quiritis?

149 892 248 955 Quo
279 891 506 946 spectanda
532 890 684 941 modo,
710 905 794 946 quo
824 904 949 931 sensu
977 889 1114 930 credis
1144 896 1188 928 et
1216 887 1321 940 ore?

146 945 231 999 Qui
257 945 378 985 timet
405 944 468 984 his
499 943 698 994 adversa,
726 944 823 984 fere
851 944 1027 984 miratur
1055 941 1210 983 eodem

146 1000 246 1062 Quo
278 998 450 1051 cupiens
477 1005 627 1051 pacto3
658 1011 793 1050 pavor
821 1007 886 1037 est
911 996 1141 1052 utrobique
1168 995 1394 1047 molestus,
1427 1009 1474 1036 ιο

144 1053 376 1106 Improvisa
405 1052 528 1091 simul
558 1054 723 1104 species
754 1059 943 1090 exterret
968 1059 1207 1104 utrumque.

88 1130 93 1132 -
147 1105 341 1145 Gaudeat
369 1119 419 1143 an
448 1105 612 1154 doleat,
643 1103 786 1165 cupiat
812 1112 1049 1154 metuatne,
1078 1101 1181 1158 quid
1209 1099 1262 1140 ad
1287 1114 1407 1152 rem,

145 1159 212 1209 Si,
242 1157 448 1213 quidquid
473 1157 577 1197 vidit
604 1157 752 1196 melius
780 1158 1063 1211 peiusve‘sua
1088 1169 1189 1209 spe,

144 1210 305 1251 Defixis
336 1210 490 1260 oculis,
519 1209 742 1262 animoque
777 1218 820 1248 et
850 1223 1033 1262 corpore
1062 1207 1235 1261 torpet?

144 1265 278 1304 Insani
305 1263 467 1317 sapiens
495 1275 650 1301 nomen
672 1262 806 1311 ferat,
841 1276 997 1316 aequus
1027 1261 1182 1322 iniqui,
1422 1260 1469 1299 15

144 1319 265 1358 Ultra
293 1331 417 1372 quam
445 1315 543 1354 satis
573 1322 637 1354 est
667 1315 865 1355 virtutem
895 1316 929 1354 si
955 1322 1072 1367 petat
1098 1328 1244 1367 lpsam.

145 1373 164 1411 I
190 1384 322 1420 nunc,
353 1377 571 1423 argentum
603 1376 646 1407 et
676 1382 861 1407 marmor
890 1376 1011 1408 vetus
1041 1380 1224 1422 aeraque
1263 1375 1308 1406 et
1335 1373 1446 1405 artes

146 1424 348 1478 Suspice,
378 1436 472 1461 cum
507 1421 681 1475 gemmis
715 1421 864 1473 Tyrios
894 1421 1048 1460 mirare
1078 1421 1269 1470 colores,

147 1478 294 1517 Gaude
325 1476 440 1531 quod
469 1482 660 1528 spectant
685 1475 798 1513 oculi
825 1483 867 1514 te
895 1475 1009 1513 mille
1040 1475 1307 1528 loquentem,

146 1532 317 1571 Gnavus
347 1542 467 1568 mane
496 1528 660 1577 forum,
691 1535 734 1567 et
762 1528 1025 1580 vespertinus
1065 1535 1166 1580 pete
1195 1528 1381 1578 tectum,
1420 1537 1472 1564 20

145 1586 208 1624 Ne
239 1584 332 1638 plus
362 1582 564 1622 frumenti
593 1580 800 1620 dotalibus
834 1589 988 1620 emetat
1016 1580 1127 1642 agris

145 1639 286 1678 Mutus
298 1654 314 1686 ,¹
338 1644 381 1676 et
409 1635 666 1688 (indignum,
696 1634 812 1688 quod
845 1634 897 1673 sit
923 1633 1140 1687 peiorlbus
1171 1634 1311 1686 ortus)

145 1691 227 1730 Hic
258 1689 335 1730 tibi
363 1689 416 1728 sit
476 1689 608 1738 otius,
638 1702 762 1742 quam
791 1695 839 1726 tu
865 1687 1064 1726 mirabilis
1091 1686 1164 1726 illi.

148 1742 366 1805 Quidquid
392 1703 469 1781 sui}
497 1749 612 1781 terra
637 1749 723 1791 est,
751 1740 793 1779 in
822 1741 1009 1794 apricum
1066 1739 1231 1780 roseret
1259 1745 1392 1790 aetas,

146 1796 354 1838 Dcfodiet
385 1793 624 1849 co‘ndetque
654 1794 836 1834 nitentia.
866 1794 1008 1855 Quum
1069 1807 1145 1833 ene
1177 1800 1324 1838 notum
1419 1790 1471 1830 25

146 1850 344 1894 Porticus
373 1848 588 1902 Agrippae
619 1856 662 1887 et
692 1848 755 1887 via
784 1856 827 1887 te
857 1848 1121 1900 conspexerit
1148 1847 1284 1899 Appi,
1321 1859 1326 1863 ·

146 1906 213 1944 Ire
239 1912 379 1943 tamen
405 1910 557 1951 restat,
587 1903 721 1940 Numa
748 1915 832 1955 quo
863 1900 1034 1940 devenit
1063 1908 1106 1940 et
1133 1899 1290 1939 Ancus.

148 1958 195 1997 Si
221 1957 330 1996 latus
358 1963 429 1994 aut
455 1968 580 1994 renes
608 1954 759 1994 morbo
793 1961 980 1994 tentatur
1009 1961 1156 2005 acuto,

215 2097 282 2138 VI,
308 2108 337 2128 v.
356 2096 388 2129 5.
413 2103 573 2140 spectant
590 2097 660 2129 Fea
677 2108 696 2130 e
715 2095 837 2141 paucis
856 2094 971 2128 Codd.
995 2093 1065 2127 Sed
1084 2093 1166 2127 Vid.
1183 2091 1282 2125 Iahn.
1307 2109 1352 2116 —-
1365 2101 1396 2121 v.
1416 2100 1468 2123 ια.

148 2150 319 2176 metumve
343 2142 472 2172 multae
494 2142 752 2184 antiquissimae
774 2140 863 2182 Edd,
891 2140 983 2185 apud
1000 2139 1117 2172 Feam.
1138 2156 1183 2163 --
1207 2148 1237 2168 v.
1256 2146 1309 2169 22.
1334 2133 1470 2167 Alutus

150 2189 259 2221 Bentl.
283 2198 301 2219 e
323 2186 482 2230 plurimis
503 2185 618 2217 Codd.
647 2193 681 2218 et
707 2187 796 2218 binis
816 2186 906 2218 Edd.
930 2184 1148 2229 principibus
1167 2180 1405 2214 Loscheriana
1434 2184 1470 2212 et

149 2234 285 2267 Veneta
308 2231 469 2265 restituit.
497 2230 593 2263 Olim
613 2232 816 2274 vulgabatur
833 2230 983 2263 Asuvius
999 2229 1073 2262 sine
1097 2236 1141 2262 et.
1163 2226 1246 2261 vid.
1265 2226 1377 2259 Bcntl.
