1526 2404
512 185 751 216 tannem
778 185 865 214 tm.
891 171 1011 226 11.,⁶.
1373 178 1429 220 85
1476 211 1481 215 .

103 282 137 318 ei
157 282 260 316 licuit
291 285 329 317 ct
350 290 450 314 nunc
473 287 625 314 veterum
658 279 755 313 libris
779 290 878 314 nime
906 291 1028 313 somno
1060 287 1096 314 et
1128 281 1298 315 mer-tibus
1331 282 1428 316 hor-is

101 325 244 360 Ducem
259 326 427 360 sollicitcoe
450 323 610 359 iucunda
632 325 759 358 oblivia
776 326 879 359 vitae.
904 325 1135 358 Consuetudo
1151 327 1246 359 enim
1264 333 1299 360 et
1322 329 1425 361 sami-

99 371 237 405 liaritaae
251 371 486 413 Maecenatis,
517 370 573 402 cui
605 370 723 402 omnia
744 380 808 402 sua
832 369 1001 411 deberet,
1035 371 1184 404 sortasse
1208 373 1312 405 etiam
1336 374 1426 407 aliae

100 417 256 450 rationes
289 415 387 461 (vid.
414 427 502 447 vers.
519 413 592 458 36.)
623 415 761 458 saepius
784 425 865 448 eum
896 415 1028 448 Romae
1060 420 1095 447 et
1119 416 1156 448 in
1189 415 1241 449 his
1267 418 1426 451 urbanae

99 461 190 494 vitae
210 460 323 494 turbis
342 459 546 493 detinebant
557 482 569 500 ‚
586 459 648 492 ubi
671 459 815 503 quidem
838 461 934 492 nulla
948 460 1017 492 alia
1033 470 1090 492 res
1108 461 1280 494 maiorem
1299 463 1332 495 ei
1347 474 1425 495 mo-

100 504 242 539 lestiam
266 504 428 545 creabat,
464 514 570 548 qnam
593 515 717 536 eorum
741 504 1009 548 importunitas,
1034 506 1094 548 qui
1117 505 1330 539 Maecenatis
1353 518 1426 540 non

98 550 214 582 minus
246 561 351 594 quam
382 554 512 593 poetae
537 549 648 581 nostri
681 549 836 581 animum
860 554 895 582 et
919 559 1036 582 mores
1067 550 1287 592 ignorantes,
1318 556 1359 584 ut
1387 563 1427 586 so

183 605 228 627 ue
259 605 338 626 suas
365 593 580 626 validissimo
613 592 758 637 Augusti
785 594 900 627 amico
932 595 1218 637 commendaret,
1252 597 1425 639 pertinaci

98 638 290 672 sedulitate
312 638 495 670 Horatium
519 648 646 681 rogare
669 648 847 681 nunquam
870 638 1083 672 desinerent.
1107 638 1227 682 (Vers.
1249 643 1298 674 38
1309 641 1423 687 seqq.)

97 683 222 726 ltaque
243 683 412 716 fortunati
434 683 527 715 illius
552 683 618 724 otii
637 682 851 715 desiderium
874 683 911 714 in
928 682 993 715 hac
1006 684 1112 715 satira
1127 683 1314 726 describit,
1334 697 1425 729 quae

98 728 286 772 proprium
299 732 428 772 poetae
444 727 618 769 animum,
640 738 778 768 sensus,
798 728 977 771 ingenium
991 733 1064 759 tam
1079 728 1247 772 graphice
1271 730 1319 762 ob
1336 741 1423 763 ocu-

97 769 153 804 los
175 773 301 816 ponit,
321 777 363 804 ut
385 773 489 816 plane
514 771 583 804 hoc
606 773 800 804 carminum
823 783 931 815 genus
955 783 975 804 a
991 773 1129 805 Lucilio
1146 774 1344 816 inventum,
1368 775 1423 807 in-

97 822 292 849 stauratum
309 816 355 848 ab
372 816 535 858 Horatio,
554 816 653 860 siqua
675 817 754 858 alia,
773 818 924 858 reserat3
951 816 1082 850 derisio
1103 818 1195 850 enim
1210 824 1246 851 et
1265 820 1334 852 ioci
1350 830 1424 852 non

98 861 230 893 insunt.
252 860 360 905 Atqui
385 861 421 892 in
439 860 508 894 hoc
531 862 609 905 ipso
629 871 780 903 genere,
806 861 904 905 quod
919 867 1033 893 totum
1057 863 1095 893 in
1118 873 1161 895 eo
1178 865 1332 906 positum
1351 870 1423 905 est,

97 911 137 938 ut
161 905 275 938 libere
299 911 335 938 et
356 910 484 949 sponte
509 905 605 949 quasi
630 912 854 950 erumpentes
870 907 977 938 animi
992 917 1113 939 sensus
1129 909 1321 951 exprimat,
1346 920 1423 941 om-

97 951 184 982 nino
203 961 348 982 necesse
370 960 444 982 non
469 955 538 991 est,
572 955 612 982 ut
633 961 860 993 quaeramus,
892 961 937 982 an
966 956 1153 994 praeterea
1176 954 1363 996 proprium
1388 958 1425 986 et

97 995 276 1046 peculiare
300 993 433 1038 aliquid
457 999 564 1038 poeta
586 995 622 1026 in
637 995 827 1028 scribendo
846 995 912 1026 sibi
932 997 1171 1039 proposuerit.
1196 997 1267 1030 Sed
1290 998 1319 1029 si
1335 1009 1423 1030 con-

98 1039 244 1071 iecturis
260 1038 442 1081 indulgere
457 1039 565 1080 libet,
583 1039 753 1083 suspicari
773 1051 979 1083 possumus,
996 1041 1179 1072 Horatium
1194 1053 1360 1076 excusare
1385 1054 1424 1076 se

95 1083 290 1116 Maecenati
312 1084 482 1125 voluisse,
506 1083 603 1127 quod
627 1089 698 1115 tam
722 1094 803 1116 raro
828 1085 865 1115 in
889 1084 1015 1117 urbem
1035 1086 1190 1127 veniret,
1214 1092 1275 1119 aut
1291 1087 1423 1120 civibus

95 1128 167 1161 suis
180 1127 298 1160 denuo
315 1128 491 1172 explicare
502 1152 513 1169 ,
537 1129 650 1172 qualis
672 1128 738 1160 sibi
757 1140 838 1161 cum
854 1129 1060 1162 Maecenate
1075 1130 1292 1164 familiaritas
1312 1133 1422 1164 inter-

97 1171 263 1214 cederet,
287 1177 347 1204 aut
363 1171 515 1216 denique
538 1172 621 1206 huic
642 1173 727 1217 ipse.
738 1173 960 1216 significare,
986 1173 1073 1217 quid
1097 1175 1141 1206 ab
1167 1187 1213 1208 eo
1233 1177 1422 1220 impetrare

94 1227 119 1249 ο
146 1222 248 1250 taret.
284 1217 467 1249 Eiusmodi
495 1223 592 1250 certe
616 1217 760 1261 quidem
792 1218 1019 1251 coniecturae
1053 1220 1141 1251 alios
1167 1227 1295 1264 poetae
1320 1223 1421 1254 iocos

97 1259 112 1304 (
141 1261 223 1305 pist.
244 1261 282 1302 Ι,
307 1271 339 1303 7.
377 1262 448 1294 Sat.
472 1262 507 1304 1,
528 1263 563 1295 6.
588 1262 623 1303 1,
644 1261 695 1305 9.)
717 1262 978 1295 conferentibus
994 1265 1106 1295 multo
1129 1266 1277 1308 propius
1298 1277 1318 1297 a
1337 1277 1420 1303 vero

95 1305 217 1339 abesse
241 1305 344 1338 nobis
358 1306 540 1347 videntur,
560 1317 665 1350 quam
679 1307 861 1349 singularis
879 1308 1069 1339 Wieiandii
1090 1310 1212 1351 opinio
1236 1316 1421 1342 autuman-

94 1350 162 1391 tis,
187 1350 371 1382 Horatium
394 1352 590 1384 vicinorum
614 1352 715 1384 villae
739 1362 821 1383 suae
847 1351 996 1384 Sabinae
1019 1353 1055 1383 iii
1073 1354 1217 1395 gratiam
1240 1354 1334 1387 hunc
1347 1366 1421 1387 ser-

94 1405 238 1427 monem
263 1395 480 1437 confecisse,
505 1407 594 1439 quos
618 1395 684 1427 sibi
709 1396 934 1437 conciliaret,
954 1407 1035 1429 cum
1057 1397 1141 1428 boni
1157 1399 1280 1431 rustici
1307 1398 1422 1431 homi-

95 1448 178 1471 nem
201 1450 220 1471 e
242 1438 360 1471 media
380 1440 470 1473 urbe
496 1446 531 1473 et
555 1451 597 1472 et
620 1440 697 1472 sinu
725 1441 822 1484 quasi
840 1440 986 1482 Augusti
1011 1447 1116 1484 atque
1142 1443 1354 1476 Maecenatis
1376 1444 1423 1476 ad

95 1493 135 1515 se
158 1482 314 1515 delatum
337 1484 516 1516 subtimidi
539 1486 757 1528 aspicerent,
775 1485 878 1527 eique
896 1496 968 1516 non
981 1487 1062 1517 satis
1086 1488 1324 1520 considerent.
1350 1488 1422 1520 Sed

95 1527 152 1558 vix
184 1526 400 1567 credideris,
433 1530 583 1562 rusticos
619 1529 768 1560 Sabinos
802 1534 929 1572 poetae
964 1531 1095 1562 vicinos
1126 1542 1280 1574 unquam
1310 1534 1422 1564 ulium

97 1572 171 1603 eius
197 1581 339 1603 cannen
364 1574 475 1605 oculis
499 1584 706 1617 usurpasse,
731 1584 845 1616 neque
876 1573 1036 1606 Horatius
1072 1585 1138 1617 pro
1171 1577 1311 1618 ingenio
1334 1589 1421 1618 suo,

97 1616 200 1691 finale
225 1626 267 1648 ex
290 1616 445 1649 versibus
461 1619 535 1650 eius
553 1619 686 1656 elucet,
707 1616 772 1649 hac
789 1618 1098 1665 commendatione
1118 1619 1276 1663 indigere
1293 1626 1422 1664 putau-

122 1670 164 1691 us
192 1664 258 1693 est.
280 1659 466 1705 Hemdorjt
982 1674 986 1675 ⁷

97 1816 195 1854 Hoc
223 1823 316 1855 erat
343 1815 387 1856 in
413 1815 546 1856 votis:
573 1817 724 1856 modus
754 1817 844 1871 agri
872 1831 956 1857 non
982 1817 1040 1856 ita
1065 1818 1263 1871 inagnus,

96 1869 261 1907 Hortus
289 1868 383 1919 ubi,
411 1877 455 1908 et
481 1877 595 1909 tecto
626 1870 783 1909 vicinus
810 1870 918 1924 iugis
948 1884 1080 1924 aquae
1115 1872 1239 1921 fons,

100 1920 160 1959 Et
185 1921 356 1973 paulum
380 1922 509 1961 silvae
538 1936 666 1975 super
690 1922 754 1961 his
782 1921 911 1962 foret.
938 1923 1113 1962 Auctius
1142 1931 1268 1978 atque

96 1973 156 2011 Di
182 1973 330 2012 melius
358 1973 526 2013 fecere:
555 1974 663 2014 bene
694 1983 783 2024 est3
811 1975 868 2013 nil
896 1976 1071 2028 amplius
1101 1990 1205 2026 oro,

96 2024 205 2063 Maia
229 2034 349 2076 nate,
376 2027 454 2065 nisi
481 2034 528 2065 nt
554 2027 728 2080 propria
754 2027 860 2066 haec
890 2027 990 2066 mihi
1015 2042 1191 2068 munera
1216 2029 1336 2070 faxis.
1391 2033 1418 2071 5

99 2076 146 2115 Si
168 2090 307 2132 neque
333 2079 536 2118 maiorem
564 2078 648 2118 feci
676 2079 839 2118 ratione
866 2080 973 2118 mala
1009 2095 1124 2130 rem,

97 2129 188 2168 Nec
214 2143 306 2168 sum
333 2129 520 2171 facturus
548 2132 651 2170 vitio
681 2132 859 2185 culpave
887 2133 1114 2183 minorem3

104 2179 151 2219 Si
178 2194 360 2222 veneror
386 2184 536 2224 stultus
565 2184 719 2224 horum
745 2184 868 2233 nihil,
897 2183 937 2225 Ο
966 2185 1000 2224 si
1028 2187 1203 2240 angulus
1230 2187 1302 2227 ille
