1526 2404
476 173 705 200 minumum
733 172 817 198 Lm.
846 159 926 209 IV,
952 161 989 200 5.
1321 163 1394 201 125

78 267 320 323 Carthagini
344 267 426 307 iam
454 279 540 306 non
570 277 651 326 ego
676 264 843 304 nuntios

74 322 238 362 Mittam
264 320 491 374 superbos:
523 317 699 367 occidit,
726 317 880 356 occidit
1343 333 1397 371 7⁰

130 375 237 429 Spes
266 375 398 414 omnis
423 383 466 414 et
492 372 662 411 fortuna
687 370 820 409 nostri

180 427 388 479 Nominis,
414 423 680 466 Hasdrubale
709 423 947 464 interemto.

75 505 144 545 Nil
172 503 371 544 Claudiae
398 515 482 541 non
512 498 732 554 perficient
757 513 923 539 manusz

77 558 193 619 Quas
218 565 263 597 et
288 555 470 609 benigno
491 553 663 608 *numine
692 553 851 606 Iupiter

128 609 356 658 Defendit,
385 617 427 647 et
454 620 580 647 curae
607 619 779 659 sagaces
1343 608 1398 658 75

181 662 423 718 Expediunt
449 674 528 715 per
556 658 820 700 acuta‘belli.

593 800 793 864 ‚CAmnm
818 809 872 852 V.

488 898 579 939 AD
604 899 825 939 AUGUS
839 897 988 936 TUM.

124 989 341 1033 Augustum,
360 995 401 1022 ut
423 989 578 1023 reditum
599 1001 700 1022 suum
726 988 888 1021 omnibus
913 986 1216 1031 exoptatissimum
1230 993 1399 1030 maturet,

78 1040 259 1079 precatur.

604 1080 758 1114 Metram
781 1080 810 1113 1.
834 1079 870 1112 6.

80 1153 200 1193 Divis
228 1161 322 1194 orte
348 1155 492 1207 bonis,
520 1156 679 1210 optime
705 1153 913 1204 Romulae

82 1207 235 1246 Custos
261 1209 419 1262 gentis,
447 1209 548 1249 abes
573 1209 655 1248 iam
681 1208 851 1247 nimium
883 1205 977 1244 diu:

79 1260 290 1300 maturum
321 1262 503 1303 reditum
528 1262 739 1316 pollicitus
766 1263 940 1299 Patrum

344 1315 497 1357 Sancto
525 1315 721 1365 consilio,
747 1313 853 1353 redi.

83 1387 244 1438 Lucem
267 1387 404 1428 redde
426 1397 547 1439 tuae,
573 1391 672 1428 Dux
697 1387 832 1438 bone,
869 1387 1060 1442 patriae:

83 1439 213 1478 Instar
238 1442 348 1480 veris
377 1443 486 1482 enim
512 1443 651 1482 vultus
671 1441 744 1480 ubi
770 1450 868 1480 tuus

86 1490 260 1532 Affulsit
283 1495 467 1548 populo,
497 1496 656 1549 gratior
681 1495 714 1535 it
740 1494 852 1543 dies,

346 1549 403 1587 Et
428 1548 538 1588 soles
562 1548 711 1588 melius
736 1548 880 1588 nitent.

90 1618 146 1657 Ut
173 1626 307 1658 mater
332 1620 549 1673 iuvenem,
577 1637 704 1677 quem
728 1625 863 1662 Notus
899 1624 1040 1664 invido

87 1670 212 1710 Flatu
242 1671 453 1726 Carpathii
481 1681 593 1721 t1·ans
619 1676 742 1714 maris
771 1689 954 1729 aequora
1303 1677 1309 1687 “
1364 1689 1409 1714 10

89 1723 364 1765 Cunctantem
390 1740 409 1764 s
441 1726 523 1766 atio
550 1728 716 1781 longius
744 1741 878 1767 annuo

351 1779 392 1817 D
440 1779 478 1818 ci
504 1779 672 1820 distinet
699 1794 723 1818 a
749 1780 899 1832 domo,

89 1854 210 1896 Votis
239 1855 528 1910 ominibusque
557 1865 601 1895 et
623 1855 819 1910 precibus
845 1864 988 1907 vocat,

91 1907 234 1948 Curvo
261 1921 340 1948 nec
367 1907 520 1948 faciem
548 1908 674 1949 litore
702 1909 921 1949 demovet:

1380 1389 1407 1427 Q«

38 2097 42 2101 .
132 2057 178 2096 V,
203 2071 234 2092 ν.
260 2057 293 2101 4.
316 2059 387 2092 Alii
411 2058 554 2091 concilio
579 2057 637 2094 Cf.
662 2069 767 2103 supra
790 2058 838 2093 ad
858 2059 931 2100 111,
956 2061 1022 2101 25,
1044 2061 1078 2093 6.
1102 2078 1148 2085 -
1180 2072 1217 2092 v.
1233 2070 1269 2102 9.
1296 2060 1410 2090 Notus

94 2101 197 2135 uvn‘elo
221 2103 338 2139 Codd.
361 2105 531 2138 Tot-renti
555 2103 640 2139 vid.
665 2103 778 2136 Beml.
811 2123 857 2130 —-
892 2117 923 2136 v.
953 2116 1002 2138 12.
1038 2104 1144 2137 domu
1170 2106 1266 2143 Fva,
1305 2114 1408 2146 quem

94 2146 138 2179 V·
162 2145 209 2182 ad
234 2147 306 2182 Od.
329 2149 367 2190 I,
393 2150 425 2190 3,
450 2159 506 2192 29.
539 2166 585 2172 --
619 2160 650 2186 v.
681 2151 731 2183 13.
756 2149 821 2182 Ed.
847 2151 979 2187 Venet.
1005 2149 1101 2192 1458.
1132 2151 1228 2183 Vocis
1252 2149 1408 2181 omnibus

94 2199 201 2237 atque
220 2193 393 2236 precibus.
420 2193 476 2229 Cf.
502 2193 618 2226 Bentl.
