1526 2404
145 172 195 198 20
589 174 628 212 Q.
658 173 841 199 uoti-xri!
870 172 1027 199 ELACC!
1087 201 1093 205 ἱ

149 266 304 318 Causa3
333 266 409 306 sed
434 267 588 320 ignotis
615 267 834 320 perierunt
863 265 1068 306 mortibus
1095 265 1178 316 illi,

165 320 288 370 )uos,
319 322 531 362 Venerem
559 318 762 360 incertam
789 321 1022 374 rapientes,
1050 333 1169 359 more
1195 317 1404 369 ferarum,

186 373 314 412 ivibus
344 373 498 413 editior
527 374 750 423 caedebat,
777 382 826 414 ut
850 374 892 413 in
919 387 1051 428 grege
1079 382 1235 413 taurus.
1393 383 1467 412 uo

145 429 239 466 Iura
266 427 435 467 iuventa
462 436 579 466 metu
605 427 746 467 iniusti
773 427 935 467 fateare
961 439 1136 467 necesse
1165 434 1243 477 est,

147 483 359 534 Tempora
385 481 420 519 si
446 480 663 535 fastosque
685 481 789 521 velis
818 482 1020 521 evolvere
1046 479 1201 520 mundi.

146 536 233 573 Nec
262 537 407 574 nat‘ura
434 542 576 587 potest
603 535 712 574 iusto
741 547 965 574 secernere
995 533 1204 588 iniquum,

146 587 308 628 Dividit
337 596 384 627 ut
412 586 524 627 hona
553 587 754 637 diversis,
786 587 988 642 fugienda
1014 586 1230 641 petendis:
1334 614 1342 631 ,

146 643 235 680 Nec
257 641 396 681 vincet
415 641 521 680 ratio
541 640 624 680 hoc
637 671 648 691 ,
664 641 910 694 tantundem
927 649 974 680 ut
991 648 1144 694 peccet
1159 639 1373 695 idemque,
1394 654 1409 678 ι
1421 639 1469 679 ι5

192 695 234 734 ui
260 703 431 734 teneros
461 695 601 734 caules
631 694 752 734 alieni
778 694 959 749 fregerit
985 693 1121 744 horti,

147 750 203 788 Et
231 748 302 802 qui
329 756 557 787 nocturnus
585 761 701 787 sacra
728 748 885 788 Divum
912 748 1077 801 legerit.
1126 746 1251 786 Adsit

147 802 334 856 Regula,
362 801 546 855 peccatis
576 815 684 856 quae
712 815 868 854 poenas
896 801 1060 855 irroget
1087 814 1136 840 ae
1167 814 1264 851 uas,

147 857 210 895 Ne
238 855 394 894 scutica
421 855 593 907 dignum
618 854 811 894 horribili
836 862 1002 894 sectere
1022 853 1148 908 flagei
1167 860 1206 893 o.

148 911 253 948 Nam
279 916 326 948 ut
354 908 492 947 ferula
518 907 668 947 caedas
696 908 892 947 meritum
917 908 1077 947 maiora
1106 907 1249 947 subire
1401 918 1474 946 120

149 961 366 1012 Verbera,
391 975 475 1001 non
504 974 680 1012 vereor,
710 976 838 1016 quum
869 961 981 1000 dicas
1009 975 1101 1001 esse
1129 974 1253 1015 pares
1280 974 1351 1000 res

150 1017 282 1055 Furta
309 1014 535 1054 latrociniis
554 1044 565 1065 ,
594 1023 637 1054 et
663 1015 822 1069 magnis
853 1029 983 1068 parva
1009 1015 1178 1054 mineris

149 1070 278 1108 Falce
305 1067 539 1107 recisurum
566 1068 689 1107 simili
717 1077 783 1117 te,
812 1068 846 1107 si
873 1067 950 1108 tibi
978 1082 1159 1122 regnum

149 1122 401 1162 Permittant
426 1121 630 1160 homines.
660 1122 704 1159 Si
732 1121 848 1160 (lives
865 1151 876 1170 ,
905 1121 978 1175 qui
1005 1122 1168 1174 sapiens
1198 1128 1286 1171 est,

151 1178 208 1215 Et
239 1183 358 1213 sutor
385 1173 545 1219 bonus,
575 1182 617 1212 ct
643 1175 756 1212 solus
784 1174 1022 1223 formosus,
1050 1182 1094 1213 et
1121 1183 1186 1213 est
1210 1186 1309 1212 rex:
1400 1170 1475 1210 125

154 1230 242 1268 Cur
261 1236 379 1280 optas
399 1226 515 1281 quod
532 1225 663 1264 habes
675 1226 694 1264 ⁴?
713 1246 766 1255 -⁴-
784 1228 875 1265 Non
896 1226 1026 1275 nosti,
1046 1226 1147 1288 quid
1165 1234 1309 1279 pater,
1325 1224 1474 1278 inquit,

155 1282 411 1334 Chrysippus
439 1279 559 1319 dicat.
589 1279 760 1332 Sapiens
789 1279 979 1332 crepidas
1000 1278 1077 1318 sib1
1103 1291 1316 1334 nunquam

155 1337 244 1376 Nec
273 1335 408 1374 soleas
436 1332 541 1372 fecit
550 1347 562 1383 3
591 1341 709 1371 sutor
734 1341 875 1371 tamen
904 1340 968 1371 est
994 1332 1169 1385 sapiens.
1198 1355 1254 1363 —--
1281 1328 1397 1392 Qui?
1424 1351 1478 1359 -—

155 1390 234 1439 Ut,
263 1387 452 1442 quamvis
480 1394 592 1424 tacet
620 1384 937 1439 Hermogenes,
965 1393 1111 1424 cantor
1135 1394 1276 1425 tamen
1297 1392 1424 1438 atque

156 1442 353 1495 Optimus
383 1448 447 1479 est
474 1438 734 1489 modulat0r3
763 1448 810 1478 ut
837 1439 1014 1478 Alfenus
1044 1437 1184 1489 vafer,
1213 1437 1327 1478 omni
1403 1436 1478 1476 130

155 1496 334 1535 Abiecto
366 1494 641 1532 instrumento
671 1493 769 1531 artis
799 1493 1022 1546 clausaque
1049 1492 1246 1542 taberna,

158 1550 288 1588 Sutor
319 1555 429 1586 erat:
459 1546 622 1597 sapiens
651 1547 790 1598 operis
820 1546 878 1585 sic
915 1546 1095 1598 optimus
1125 1545 1258 1585 omnis

157 1604 235 1641 Est
263 1600 410 1654 opifex
438 1599 577 1649 solus,
606 1598 664 1637 sic
692 1613 779 1639 rex.
807 1621 860 1629 —--
886 1599 1060 1639 Vellunt
1087 1598 1164 1638 tibi
1190 1598 1363 1638 barbam

159 1654 323 1694 Lascivi
348 1653 495 1707 pueri,
525 1666 630 1706 quos
659 1660 705 1690 tu
735 1652 811 1691 nisi
839 1652 952 1691 fuste
980 1655 1178 1702 coerces,

160 1707 333 1762 Urgeris
360 1706 484 1746 turba
512 1708 669 1745 circum
696 1713 739 1746 te
768 1713 925 1756 stante,
962 1706 1173 1760 miserque
1409 1702 1482 1744 135

160 1889 205 1897 -—
227 1882 266 1904 v.
294 1880 367 1913 117.
391 1880 496 1901 sacr-a
520 1867 620 1901 deum
646 1874 843 1899 noctur-nus
868 1864 958 1897 Coa.
983 1874 1072 1896 nnus
1089 1863 1210 1897 Bentl.
1235 1871 1342 1907 quem
1365 1859 1421 1893 CF.
1438 1878 1481 1885 —

161 1930 197 1951 v.
229 1925 300 1949 ¹20.
339 1914 567 1959 Ncmzjbrulaet
591 1912 718 1945 caedas
743 1913 817 1944 sinc
851 1919 891 1944 ut
925 1910 1016 1943 (jod.
1042 1910 1156 1952 [ἤπιος
1188 1908 1254 1941 sed
1278 1918 1298 1939 a
1322 1905 1482 1939 secunda

163 1973 266 1994 manu
293 1960 436 1993 ibidem.
476 1958 703 2001 :anfm'nla
729 1966 769 1990 ιιι
793 1955 890 1990 caed.
927 1955 1014 1987 lndc
1041 1954 1148 1987 Both.
1185 1954 1275 1987 Nam
1286 1950 1416 1996 serula
1441 1958 1500 1991 ιιι,

162 2005 289 2040 caedas
314 2029 322 2037 .
338 2030 344 2036 .
364 2029 371 2037 .
404 2004 581 2036 Ver-bum?
613 2005 693 2034 ,Von
719 2014 785 2034 vcr-
820 2002 988 2044 Idemque
1013 2001 1094 2033 coni
1114 2023 1123 2031 .
1139 2023 1148 2030 .
1166 2022 1174 2031 .
1191 2021 1200 2030 .
1215 1996 1382 2042 flagello.
1431 1995 1481 2027 Ne

151 2052 279 2098 serula
303 2050 430 2082 caedas
456 2055 526 2082 cte.
554 2049 606 2080 Cr.
633 2048 755 2079 llviud.
779 2053 815 2079 ct
838 2046 939 2080 Iahn.
971 2063 1016 2071 —-
1051 2056 1087 2076 v.
1116 2045 1189 2076 128.
1225 2043 1292 2088 qni
1321 2041 1438 2075 Bentl.
1461 2051 1482 2073 e

164 2095 282 2130 (jodd.
311 2097 407 2127 (nim
433 2096 523 2136 vulg.
549 2106 632 2139 (suo,
655 2111 700 2117 —
723 2104 759 2125 v.
779 2094 852 2125 130.
878 2092 1001 2123 Plures
1016 2089 1104 2122 Edd.
1122 2087 1309 2133 Alphenus.
1327 2084 1382 2119 Cf.
1399 2087 1484 2118 Fca.

162 2161 209 2169 --
229 2154 265 2174 v.
293 2143 365 2173 132.
405 2149 528 2172 lonssu-
563 2150 628 2182 pro
661 2146 763 2170 sutor·
796 2137 907 2169 Banu.
945 2147 964 2168 c
988 2134 1079 2168 Cod.
1112 2145 1192 2166 raso
1227 2137 1263 2164 ct
1286 2130 1482 2165 secundum

165 2187 315 2221 Acronis
341 2186 433 2220 (λαὶ.
470 2186 501 2217 in
537 2196 607 2227 quo
641 2189 717 2216 crat
751 2183 937 2217 tonstrina.
971 2178 1054 2214 Vid.
1078 2177 1202 2213 Heind.
1238 2195 1283 2202 —
1314 2176 1484 2209 Protinus

166 2243 232 2277 pro
257 2233 406 2277 optimus
433 2229 580 2272 Cuning.
607 2242 625 2262 c
655 2227 771 2262 codd.
