1526 2404
489 216 790 248 Eusoeonsnun
801 216 805 219 “
815 219 903 251 mn.
931 208 979 249 14*
986 222 1026 262 7.
1346 211 1366 250 ι’
1377 213 1421 251 25

157 314 227 353 uin
286 320 311 354 e
335 312 526 353 dies-tibi
553 313 765 366 pollicitus
790 326 861 353 me
886 328 988 355 rure
1017 313 1231 367 futuram

146 381 198 406 ex
219 367 228 375 ‘
245 361 479 407 eYn’totum
504 366 681 405 mendax
714 366 947 408 desideror.
974 369 1107 423 Atqui

113 419 160 459 Si
185 413 426 460 nievivere
456 419 541 469 vis,
569 427 686 460 recte
746 433 771 459 e
797 420 943 461 videre
970 422 1200 462 valentem:

157 487 251 512 uam
277 472 379 512 mihi
406 472 478 511 das
505 485 658 526 aegro,
714 472 800 512 abis
829 483 1049 528 aegrotare
1075 475 1261 525 timenti,

111 472 354 574 gaecenah
387 525 567 574 veniam,
595 525 695 565 dum
720 525 823 565 ficus
849 528 983 581 prima
1010 527 1209 582 calorque
1396 531 1422 570 5

111 579 436 633 Designatorem
467 578 642 618 decorat
667 579 885 620 lictoribus
914 581 1034 631 atris,

111 633 227 671 Dum
252 631 394 685 pueris
424 631 556 670 omnis
581 640 703 684 pater
731 640 774 671 et
799 634 1029 674 matercula
1061 633 1214 688 pallet,

114 683 318 725 officiosa
378 697 402 723 e
420 684 626 724 -sedulitas
654 693 697 724 et
725 686 864 739 opella
890 687 1071 727 forensis

113 737 298 790 Adducit
320 699 470 776 Ἑὴτθε
499 745 541 776 et
574 745 826 778 testamenta
859 741 1056 794 resignat.

117 789 247 848 Quod
267 790 310 829 'si
335 789 484 829 bruma
510 791 627 833 nives
654 791 822 831 Albanis
849 793 982 837 illinet
1007 793 1140 848 agris,
1379 807 1424 833 ιο

112 843 182 882 Ad
206 855 322 882 mare
350 843 578 883 descendet
605 851 720 883 vates
747 852 868 896 tuus,
897 854 940 885 et
964 846 1043 885 sibi
1067 856 1237 900 parcet,

116 895 447 950 Contu-actusque
475 896 612 956 leget;
638 904 706 947 te,
733 897 866 937 dulcis
901 899 1056 949 amice;
1082 901 1241 940 reviset

117 949 238 1000 Cum*
253 949 456 1002 Zephyris
471 978 484 999 ‚
511 963 546 988 ει
573 949 804 1001 concedes,
834 959 877 990 et
901 951 1123 992 hirundine
1148 955 1294 1006 prima.

114 1002 236 1052 Non,-
261 1014 347 1056 quo
377 1015 498 1041 more
525 1002 636 1055 pyris
666 1003 782 1042 vesci
810 1003 988 1044 Calaber
1013 1005 1129 1045 iubet
1156 1007 1334 1060 hospes,

114 1055 182 1092 'su
210 1067 278 1093 me
305 1053 446 1094 fecisti
472 1054 741 1108 locupletem.
766 1079 820 1086 —
852 1058 1035 1099 Vescere
1063 1059 1207 1103 sodes.
1227 1084 1282 1089 -—-
1377 1061 1425 1099 15

113 1107 199 1145 Iam
227 1106 324 1146 satis
353 1115 429 1147 est.
454 1131 509 1137 —
526 1108 584 1147 At
608 1116 657 1147 tu
674 1111 935 1164 quantumvis
953 1112 1068 1151 tolle.
1088 1136 1143 1141 —
1158 1114 1425 1167 Benigne.—

113 1161 208 1199 Non
233 1160 364 1199 invisa
390 1159 505 1200 feres
530 1162 674 1213 pueris
694 1165 938 1202 munuscula
954 1165 1163 1218 parvis.—

115 1213 218 1251 'I'am
244 1221 394 1252 teneor
421 1213 554 1263 dono,
583 1228 707 1268 quam
733 1215 769 1253 si
795 1215 978 1256 dimittar
1005 1227 1188 1258 onustus.
1215 1243 1270 1249 —

114 1265 171 1305 Ut
195 1264 320 1316 libet,
346 1265 453 1306 haec
479 1267 619 1319 porcis
647 1267 775 1307 hodie
803 1270 1061 1310 comedenda
1087 1273 1307 1326 relinquis..
1329 1294 1382 1301 —-

111 1318 323 1372 Prodigus
352 1327 396 1358 et
422 1320 572 1358 stultus
601 1319 750 1370 donat,
779 1336 886 1376 quae
915 1325 1074 1376 spernit
1102 1333 1145 1364 et
1172 1326 1273 1364 odit.
1372 1338 1423 1364 20

111 1371 230 1410 Haec
259 1385 381 1425 seges
409 1372 594 1425 ingratos
620 1373 738 1423 tulit,
767 1382 811 1413 et
838 1375 952 1415 feret
982 1377 1172 1417 omnibus
1199 1378 1324 1418 annis.

114 1423 192 1464 Vir
219 1423 353 1463 bonus
381 1433 426 1464 et
450 1425 614 1478 sapiens
642 1426 775 1480 dignis
805 1428 860 1467 ait
887 1440 1197 1483 esse¹paratus‚

111 1477 206 1515 Nec·
227 1485 366 1516 tamen
392 1477 559 1531 ignorat
585 1479 684 1533 quid
709 1479 878 1520 *distent
898 1496 995 1521 aera
1021 1484 1183 1537 lupinis,

113 1529 298 1582 Dignum
325 1530 546 1582 praestabo
572 1545 640 1570 me
668 1532 791 1571 etiam
819 1548 898 1586 pro
926 1535 1049 1575 laude
1079 1538 1289 1577 merentis.

114 1579 248 1672 91],οᾶ
275 1581 310 1620 si
335 1595 402 1620 me
429 1583 548 1621 noles
574 1597 749 1637 usquam
777 1585 1019 1638 discedere,
1047 1589 1200 1629 reddes
1372 1589 1424 1628 25

145 1638 246 1672 'orte
273 1634 401 1683 latus,
429 1635 571 1687 nigros
598 1646 771 1688 angusta
798 1638 941 1679 fronte
969 1642 1138 1693 capillos
1154 1671 1165 1691 ‚

115 1685 286 1725 Reddes
314 1685 437 1725 dulce
463 1687 599 1741 loqui,
625 1689 779 1728 reddes
806 1691 947 1730 ridere
975 1692 1199 1742 decorum,
1227 1703 1271 1734 et

115 1740 229 1778 Inter
256 1739 351 1778 vina
378 1738 521 1793 sugam
547 1740 719 1780 Cinarae
746 1756 943 1783 moerere
974 1753 1214 1797 protervae.

115 1792 245 1831 Forte
272 1805 351 1844 per
376 1800 589 1846 angustam
615 1794 751 1834 tenuis
778 1795 963 1835 nitedula
987 1798 1131 1838 rimam

114 1845 322 1898 Bepserat
349 1844 390 1883 in
418 1858 630 1885 cumeram
658 1845 880 1902 frumenti,
906 1858 1110 1907 pastaque
1134 1866 1279 1893 rursus
1368 1857 1421 1897 30
1442 1864 1444 1866 '

181 1990 266 2030 Vn,
291 2001 327 2021 v.
351 1998 403 2031 13.
429 1989 497 2022 Alii
524 1989 637 2023 Codd.
667 1996 702 2024 et
724 1992 812 2025 Edd.
839 2005 923 2037 quas
944 1995 1014 2027 Fea
1035 1981 1152 2030 laddat
1172 1999 1338 2032 concedis
1361 2009 1420 2035 ant

116 2033 302 2066 concedas,
327 2054 370 2060 —-
394 2045 430 2066 υ.
450 2045 500 2077 ¹9·
527 2035 711 2081 relinquas
737 2043 771 2070 et
795 2039 974 2084 relinques
988 2040 1075 2073 Edd.
1092 2043 1224 2086 aliquot
1243 2052 1324 2078 vett.
1338 2047 1417 2080 vid.

115 2079 194 2111 Fea.
216 2097 261 2103 —-
282 2090 319 2110 v.
344 2089 396 2114 22.
421 2087 575 2124 pru-utus
599 2082 858 2126 cum-Cruquio
881 2086 1052 2118 revocavit
1079 2098 1119 2119 ex
1141 2090 1280 2133 optimis
1297 2091 1417 2125 'eodm

116 2123 307 2165 Benfleim,
333 2136 436 2168 quem
463 2124 541 2156 vid.
567 2126 740 2159 Plurimae
761 2127 850 2160 Edd.
873 2135 1007 2162 veteres
1027 2140 1207 2175 par-atum.
1236 2155 1279 2161 -
1299 2147 1335 2167 ι».
1362 2148 1416 2177 aq.

119 2167 249 2200 Omnes
277 2169 389 2201 Codd.
420 2174 454 2202 et
469 2175 549 2201 vett.
565 2170 652 2202 Edd.
676 2171 885 2216 vulpecula,
911 2174 1007 2217 quod
1023 2178 1186 2213 omnibus
1198 2182 1416 2214 assentienti-

117 2210 183 2243 bus
215 2214 356 2245 mutavit
385 2214 421 2245 in
451 2213 611 2246 nitedula
643 2216 751 2249 Bentl.
777 2229 880 2261 quem
901 2218 980 2251 Vid.
1018 2239 1063 2247 —-
1095 2233 1131 2254 v.
1155 2233 1210 2263 3ο.
1243 2237 1416 2259 cameram

120 2254 234 2288 Codd.
254 2258 371 2302 plures
386 2259 476 2293 Feae
497 2259 549 2292 Cf.
568 2260 678 2294 Bentl.
699 2261 745 2294 ad
766 2262 1032 2298 antecedentem
1048 2277 1197 2301 versum.

1091 2311 1154 2350 8*
