1526 2404
448 179 685 218 Ctummin
714 182 799 215 u'n.
826 177 902 227 m,
928 182 967 224 4,

52 282 322 381 gui'terram
347 283 524 323 inertem
537 311 548 329 ,
577 281 651 335 qui
677 294 793 321 mare
823 286 1032 332 temperat

96 336 313 387 e'ntosum,
341 344 385 376 et
411 334 563 382 urbeS,
589 347 720 388 regna
752 347 806 374 ue
832 332 990 383 tristia,

104 390 325 445 Divosque
352 389 636 442 mortalesque
663 395 733 427 tur
764 400 808 427 as

156 443 339 497 Imperio
367 442 477 496 regit
506 454 611 480 unus
639 453 790 496 aequo.

50 521 117 560 Ma
176 532 247 558 um
273 518 345 558 illa
370 524 580 556 terrorem
605 515 803 555 intulerat
834 515 923 558 Iovi

50 573 103 613 Fi
134 585 207 611 ens
235 571 432 611 iuventus
457 567 629 607 horrida
661 567 889 620 bracchiis,

102 625 363 679 Fran-esque
390 622 610 663 tendentes
640 635 774 675 opaco

155 677 304 718 Pelion
334 675 582 730 imposuisse
611 674 805 729 Olympo.

51 753 140 795 Sed
167 753 269 810 quid
298 750 526 804 Typhoeus
554 757 598 788 et
623 749 783 789 validus
809 749 976 801 Μὶηιαε,

50 809 137 848 Aut
164 806 266 869 quid
295 803 444 844 minaci
470 801 737 856 Porphyrion
764 809 896 851 statu,
952 810 977 836 .;,

102 860 220 922 Quid
245 859 461 906 Rhoetus,
488 855 727 909 evulsisque
753 857 910 896 truncis

155 910 392 953 Enceladus
420 909 623 949 iaculator
651 907 808 957 audax,

55 986 213 1025 Contra
240 994 455 1026 sonantem
479 985 661 1024 Palladis
688 984 836 1039 aegida

7 1064 10 1067 -
49 1040 230 1078 Possent
256 1037 458 1078 ruentes?
485 1038 594 1081 Hinc
619 1038 763 1078 avidus
790 1038 906 1078 stetit

109 1092 342 1141 Vulcanus,
370 1092 465 1131 hinc
492 1099 680 1131 matrona
706 1093 833 1141 Iuno,
862 1100 906 1131 et

154 1146 375 1200 Nunquam
400 1144 586 1184 humeris
612 1145 827 1199 positurus
854 1158 1018 1196 arcum,

49 1218 138 1314 31ιί
162 1232 263 1259 rore
287 1233 396 1273 pm·o
427 1219 631 1258 Castaliae
657 1218 759 1257 lavit

86 1273 198 1314 rines
224 1273 408 1322 solutos,
437 1272 509 1327 qui
533 1272 686 1324 Lyciae
709 1279 828 1312 tenet
883 1310 886 1312 .

100 1327 283 1366 Dumeta
311 1327 572 1380 natalemque
603 1326 772 1374 silvam,

155 1374 304 1419 Delius
338 1387 380 1418 et
407 1381 610 1418 Patareus
638 1379 807 1433 Apollo.

48 1452 122 1492 Vis
148 1453 295 1492 consili
321 1468 473 1508 expers
499 1453 613 1494 mole
639 1453 725 1492 ruit
749 1467 846 1506 sua3

46 1506 145 1547 Vim
170 1514 445 1559 temperatam
472 1509 530 1548 Di
558 1520 730 1563 quoque
756 1509 996 1562 provehunt

103 1559 150 1598 In
176 1561 327 1599 maius:
355 1561 468 1600 idem
495 1561 627 1601 odere
657 1560 767 1600 vires

160 1611 298 1652 Omne
326 1614 444 1654 nefas
474 1614 608 1653 animo
636 1623 869 1655 moventes.

51 1684 187 1723 Testis
216 1700 403 1726 mearum
429 1689 683 1727 centimanus
712 1689 851 1742 Gyges

51 1736 380 1790 Sententiarum,
409 1749 532 1780 notus
561 1749 603 1780 et
628 1741 818 1796 integrae

103 1792 306 1831 Tentator
334 1793 469 1834 Orion
498 1794 678 1842 Dianae,

155 1844 356 1898 Virginea
384 1846 567 1886 domitus
598 1847 758 1901 sagitta.

50 1919 203 1958 Iniecta
229 1922 424 1961 monstris
452 1923 585 1960 Terra
612 1922 730 1963 dolet
755 1925 862 1975 suis,

49 1973 300 2028 Moeretque
326 1985 468 2028 partus
497 1974 672 2015 fulmine
699 1977 880 2018 luridum

1322 177 1376 220 ae

1284 858 1376 907 555

1319 1758 1371 1797 70

115 2142 153 2166 v.
176 2131 232 2174 46.
265 2134 336 2166 Pro
370 2132 474 2167 urbes
510 2138 604 2169 coni.
638 2135 753 2189 Bentl.
784 2139 947 2178 umbras,
984 2137 1136 2184 Cuning.
1171 2137 1283 2172 orbes.
1311 2136 1365 2169 Cf.

50 2174 152 2208 Both.
175 2178 359 2212 Annotatt.
390 2197 437 2204 —-
471 2191 507 2212 v.
528 2181 582 2214 55.
618 2181 688 2215 ΑΙιι
721 2181 880 2216 Rhoecus
910 2185 954 2217 V.
980 2186 1024 2217 ad
1043 2186 1107 2226 ΙΙ,
1137 2194 1197 2227 19,
1233 2185 1287 2217 ²3-
1320 2199 1367 2209 -

54 2221 153 2262 ν.’69.
178 2222 248 2255 Alii
270 2223 366 2268 Gyas
390 2230 448 2256 aut
471 2227 574 2268 gigas
597 2226 677 2259 vid.
702 2227 748 2260 ad
770 2229 825 2270 11,
854 2239 914 2272 17,
944 2229 1021 2314 146
1040 2273 1064 2297 ἦ
